2852 4004
458 261 644 321 xxviii
758 281 834 318 Da
891 277 1064 316 poam
1118 276 1422 318 Bucomca
1476 273 1841 314 GRAEcoRUM
1891 271 2363 314 mssERTATm„

464 388 505 418 ί(
532 394 588 439 et
621 371 1028 437 verosimiliter
1077 397 1145 435 ea
1191 373 1314 458 ipsa
1359 371 1444 434 est
1491 370 1566 433 de
1602 393 1724 456 qua
1759 369 1888 431 vult
1943 367 2044 430 hic
2095 364 2535 452 loquis-Vitruff

463 478 502 507 ‘⁶
531 470 654 528 vius
680 467 757 526 ¹.''
836 468 1048 550 Atque
1082 462 1227 547 hinc
1265 464 1444 540 videS,
1495 479 1704 548 praeter
1737 484 1806 522 ea
1845 460 2132 545 superius*
2157 456 2356 532 allata,
2397 473 2534 519 ‘curs

460 562 711 619 Scenam
763 555 1058 618 Bucolicis
1115 557 1421 641 propriam
1483 555 1738 615 minime
1786 549 2198 636 descripserint
2253 562 2516 609 veteres:

455 650 748 734 quoniam
785 646 1060 708 videlicet
1093 645 1205 709 illis
1237 643 1589 708 inserviebat
1622 644 1882 728 Satyrica
1907 650 1949 703 ².
2496 669 2501 671 2

559 739 740 801 Vides
790 735 1150 823 hypothesin
1201 736 1359 799 hanc
1406 734 1671 798 nostram
1721 731 2037 818 repudiare
2091 728 2324 816 prorsus
2377 743 2439 791 et
2487 751 2522 791 e

456 831 660 892 medio
694 830 900 892 tollere
938 826 1479 890 decantatiffimam
1516 825 1706 900 illam,
1744 847 1880 908 quae
1912 820 2149 884 tamdiu
2186 819 2517 883 hominum

458 938 685 983 mentes
719 919 949 995 insedit,
1001 920 1355 1005 opinionem
1388 917 1463 979 de
1495 921 1699 998 AEtate
1730 918 1954 976 Aurea.
2031 912 2392 974 Dicendum
2424 928 2533 974 ta-³

455 1035 598 1073 men
633 1011 785 1096 quid
817 1011 903 1072 illi
936 1027 1291 1072 commento
1326 1026 1533 1071 ortum
1558 1006 1831 1081 dederit3
1886 1026 2200 1089 quamque
2234 1001 2411 1066 futile
2444 999 2535 1064 fit·
2567 1064 2571 1067 r

456 1120 516 1163 et
547 1101 782 1178 falsum,
834 1100 879 1163 fi
915 1101 1046 1187 jam
1085 1100 1242 1162 dieta
1279 1100 1536 1162 minime
1580 1120 1692 1184 pro
1724 1098 1869 1158 veris
1905 1094 2263 1172 habeantur,
2314 1092 2535 1157 osten-*-

452 1194 724 1254 dendum
758 1195 982 1277 paucis,
1035 1189 1225 1276 Apud
1254 1188 1560 1252 bucolicos
1589 1187 1900 1273 scriptores
1935 1183 2347 1248 amoeniffimae
2374 1184 2532 1273 pul-·
2579 1191 2583 1193 ’

450 1283 881 1368 cherrimaeque
913 1305 1115 1344 rerum
1151 1282 1442 1366 imagines
1477 1278 1877 1365 repraesentari
1910 1276 2099 1340 solent
2131 1301 2146 1337 :
2205 1279 2534 1364 Omnige—¹

451 1399 672 1436 norum
715 1371 1027 1435 frustuum
1071 1395 1402 1458 permagna
1436 1370 1522 1432 ibi
1563 1372 1648 1432 vis
1696 1367 1781 1431 est
1812 1384 1873 1431 et
1908 1370 2124 1454 copia:
2186 1392 2334 1430 cum
2371 1371 2535 1454 pin--

450 1489 594 1550 gues
627 1466 768 1551 agni
799 1463 954 1541 sunt,
1005 1480 1142 1525 tum
1187 1463 1404 1548 pascua
1437 1458 1871 1523 florentiffima.
1952 1459 2269 1546 Qicquid
2308 1483 2342 1522 e
2377 1458 2511 1548 spe-

448 1558 664 1632 luncis„
716 1553 1095 1630 fluminibUS,
1142 1553 1474 1629 arboribu8,
1526 1553 1662 1637 capi
1693 1549 1874 1637 poffit
1904 1549 2357 1628 obleE'fflmenti,
2409 1551 2537 1614 lu·-

452 1647 693 1718 culente
724 1645 1095 1708 describitur.
1166 1648 1402 1707 Interea
1432 1642 1787 1709 mortalium
1818 1665 1962 1729 gens
1999 1639 2340 1718 exhibetur,
2385 1640 2510 1706 sor-

446 1754 575 1800 tem
609 1737 765 1800 ultra
796 1736 1132 1799 humanam
1165 1733 1332 1813 felix,
1384 1739 1634 1820 otioque
1677 1757 1843 1819 paene
1875 1733 2082 1804 divino
2123 1730 2342 1796 florens
2369 1759 2388 1810 3
2443 1733 2529 1798 in¹

449 1829 661 1891 mediis
697 1827 1235 1891 commoditatibus
1280 1843 1341 1889 et
1384 1826 1555 1889 bonis
1593 1827 1743 1887 ruris
1788 1825 2100 1902 uberrimi,
2151 1823 2304 1887 nihil
2342 1823 2510 1911 penfi

449 1919 673 1982 habens
705 1918 816 1982 nisi
850 1919 926 1981 de
957 1918 1301 1981 coercendis
1332 1934 1394 1980 et
1424 1916 1702 1980 curandis
1731 1915 1982 1994 ovibus;
2035 1917 2250 1995 amori,
2283 1918 2509 1980 carmi-

451 2010 650 2088 nibu8,
701 2026 761 2072 et
796 2011 1003 2072 cantui
1033 2009 1272 2087 dedita3
1326 2011 1609 2072 omnium
1642 2031 1851 2094 expers
1889 2006 2202 2091 scelerum,
2255 2009 2514 2094 vitaeque

399 2182 405 2186 ι
446 2103 871 2187 integerrimae.
947 2100 1233 2163 Praeclara
1279 2099 1408 2163 haec
1457 2117 1519 2162 et
1563 2099 1757 2177 beata,
1807 2122 1943 2184 quae
1973 2099 2073 2160 vix
2109 2097 2286 2160 ullibi
2322 2114 2511 2163 terra-v

447 2216 587 2254 rum
624 2190 740 2254 five
779 2215 1054 2277 unquam
1087 2191 1352 2253 crederes
1395 2189 1667 2254 extitiffe.
1749 2194 1844 2252 Ea
1873 2191 2059 2275 igitur
2093 2192 2504 2276 grammatici,

362 2295 364 2297 ’
449 2284 513 2344 in
564 2282 891 2369 primisque
940 2286 1219 2345 Donatus
1247 2293 1287 2359 ³,
1345 2306 1492 2344 cum
1545 2281 1784 2344 nodum
1829 2305 1955 2344 non
2005 2279 2178 2343 aliter
2222 2281 2510 2368 expedire

448 2390 747 2459 poterant,
799 2373 876 2436 ad
916 2371 1261 2436 fabulosum
1311 2372 1560 2459 aliquod
1594 2371 1711 2435 five
1764 2370 2148 2434 fortunatum
2194 2370 2502 2449 saeculum,

448 2464 618 2549 quod
643 2470 920 2526 Aureum
952 2465 1174 2540 dixere,
1212 2462 1384 2526 nullo
1411 2466 1660 2550 negotio
1686 2463 1959 2526 retulere.
2029 2464 2155 2548 Qi
2186 2462 2324 2525 sane
2358 2487 2507 2527 cum

447 2555 563 2617 hac
595 2557 823 2617 ratione
857 2579 988 2616 rem
1017 2578 1142 2617 non
1178 2554 1349 2617 valde
1381 2553 1698 2617 difficilem
1742 2556 2120 2641 interpretati
2166 2552 2357 2631 fuere,
2389 2556 2507 2641 vip-

446 2644 562 2707 fius
609 2647 672 2707 in
716 2669 930 2731 genere
970 2644 1229 2730 poeseOS,
1281 2644 1715 2732 speciatimque
1757 2644 1836 2708 de
1874 2668 1998 2730 qua
2037 2644 2266 2731 loquor*
2310 2645 2504 2708 buco-

445 2736 592 2812 licae,
639 2738 782 2814 vim,
834 2752 1133 2812 naturam,
1185 2751 1245 2797 et
1275 2734 1676 2823 propositum,
1732 2760 1950 2823 parum
1993 2741 2152 2798 reite
2196 2734 2506 2800 aestimaffe

503 2927 516 2951 ι
552 2919 579 2935 “
597 2917 762 2966 J'aurois
783 2924 833 2964 pu
859 2917 1017 2953 traduire
1033 2916 1170 2954 scenam
1191 2916 1376 2967 satyricam
1395 2918 1431 2954 la
1505 2917 1705 2967 corymbis,
1746 2920 1813 2954 &a
1869 2917 1971 2956 Poet.
2009 2918 2054 2956 L.
2072 2918 2098 2956 i.
2127 2930 2207 2968 cap.
2231 2929 2294 2956 21.
2332 2930 2415 2967 pag.
2430 2919 2505 2969 μ87.

446 2970 474 2988 “
493 2969 596 3005 Scene
614 2969 811 3017 Pastorale;
840 2978 870 3005 et
892 2969 1247 3019 vraysemblablement
1267 2971 1344 3018 e'cst
1370 2971 1432 3007 elle
1504 2971 1592 3020 edi-t.
1617 2974 1730 3022 1581.

432 3024 472 3045 «“
490 3022 569 3058 dont
589 3022 737 3058 Vitruve
756 3023 885 3058 entend
905 3025 955 3071 icy
980 3023 1147 3071 parler.”
1192 3025 1235 3060 In
1255 3023 1366 3060 Notis
1385 3023 1429 3061 ad
1560 3037 1580 3061 2
1609 3024 1663 3060 Ita
1693 3037 1809 3073 neque
1834 3023 2000 3068 Scenam,
2029 3022 2131 3060 verbi
2158 3023 2283 3069 gratia,
2312 3023 2506 3062 Par-tomi-

445 3073 625 3111 Gallicam
645 3076 718 3123 ejus
735 3075 969 3124 metaphrasin
988 3075 1160 3115 Vitruvii.
1199 3076 1257 3112 De
1277 3076 1429 3125 topiario
1503 3077 1635 3114 micam
1661 3076 1928 3126 descripserunt.
1975 3076 2084 3114 Ratio
2116 3076 2179 3120 est,
2208 3076 2308 3127 quod
2336 3090 2420 3114 cum
2448 3078 2505 3116 fa-

444 3139 565 3176 opere,
589 3127 664 3166 vid.
687 3128 776 3165 plin.
800 3128 889 3164 Nat.
907 3128 1003 3166 Hist.
1021 3141 1082 3166 xv.
1101 3140 1163 3178 30.
1194 3128 1297 3165 Tull.
1318 3130 1428 3179 Epist.
1503 3131 1596 3167 bulae
1611 3142 1698 3180 quas
1717 3129 1883 3167 saltabant
1901 3129 2136 3174 pantomimi,
2152 3130 2211 3166 vel
2230 3129 2374 3176 tragicae
2393 3129 2502 3169 effent

445 3180 573 3225 Quint.
596 3180 654 3217 Fr.
673 3180 724 3217 iii.
748 3193 780 3218 1.
814 3194 847 3218 c.
867 3193 901 3218 2.
917 3201 970 3208 ——
986 3181 1035 3217 iii.
1058 3194 1096 3230 3.
1125 3194 1158 3218 c.
1181 3194 1216 3218 2.
1259 3182 1351 3220 Plin.
1378 3183 1428 3220 E·
1504 3184 1562 3220 vel
1584 3182 1752 3227 comicae,
1766 3183 1959 3220 utebantur
1976 3183 2013 3220 in
2030 3196 2088 3221 eas
2101 3193 2269 3233 apparatu
2286 3184 2343 3220 vel
2361 3184 2501 3230 tragico

441 3233 518 3281 pist.
539 3233 589 3269 iii.
614 3244 674 3283 19.
715 3232 826 3278 Quod
846 3233 946 3270 affert
965 3233 1118 3279 Scaliger
1136 3247 1208 3270 non
1230 3233 1299 3271 huc
1320 3236 1427 3284 perti·
1490 3237 1562 3276 ,vel
1580 3235 1739 3273 comico.

442 3296 517 3321 net.
573 3288 599 3304 “
618 3287 715 3322 Nam
741 3299 825 3322 cum
857 3287 976 3335 priscae
1007 3286 1173 3335 [scenae]
1203 3299 1222 3323 e
1249 3288 1355 3324 ramis
1387 3302 1429 3326 ac
1558 3302 1578 3340 3
1608 3290 1653 3328 In
1674 3288 1765 3327 Vita
1782 3287 1917 3334 Virgil.

443 3337 675 3376 “frondibus
703 3339 903 3378 constitutae
935 3339 1075 3377 fuiflent
1105 3352 1190 3377 cum
1218 3341 1367 3378 racemis
1393 3352 1429 3380 et

2209 3397 2494 3464 videntur
