2852 4004
999 285 1361 377 NoTAE.
1471 285 1516 341 1.
1561 284 1647 341 82.
2190 259 2197 263 ”
2292 303 2360 358 17

572 387 769 460 Perque
792 385 929 443 nives
954 386 1129 448 alium,
1168 387 1268 440 ὅτε.

577 462 735 516 Venit
754 474 804 515 et
829 461 1003 534 agresti
1034 460 1206 534 capitis
1231 460 1473 533 Sylvanus
1505 459 1729 514 honore:

578 536 701 600 Pan,
739 537 860 589 deus
887 536 1138 600 Arcadiae,
1172 535 1323 588 venit.

755 641 833 652 —
849 610 900 663 ‘A
925 605 971 663 δε
995 631 1042 663 τε
1065 632 1191 683 ,cmpos

581 698 743 738 novo-av
766 707 856 737 «ινα.
882 707 1064 758 xpum,
1101 678 1224 739 meil'
1239 694 1412 742 ωλσεοι,
1450 703 1574 735 mem
1599 690 1801 755 φορειτοᾳ,

580 760 790 811 Ζοιτώσ·’·
827 762 862 811 ἁ
885 753 1081 833 alva-epm,
1117 760 1215 811 ὅτε.
1233 757 1331 830 -]
1383 758 1554 810 Locus
1583 756 1655 809 est
1686 757 1753 809 ita
1775 757 2157 813 connee'tendus.
2215 757 2359 829 [Vid.

275 829 410 883 Not.
436 830 565 904 supr.
610 849 659 887 v.
682 833 796 906 53.]
853 832 905 885 ‘A
929 827 974 886 δε
997 854 1119 906 tempor
1147 830 1353 906 ζειτώπι
1381 855 1425 885 σε
1450 840 1638 908 <pogen-oq
1666 853 1803 883 ποωτ.
1877 831 2004 884 Non
2038 832 2205 884 minus
2238 833 2364 884 belle

280 903 536 977 scripseris,
576 906 652 958 vel
675 928 722 958 τε
746 907 823 959 vel
847 930 912 973 γε,
953 918 1009 960 ut
1041 908 1175 979 apud
1200 905 1505 959 Scholiasten
1537 904 1609 958 est
1645 905 1838 957 editum
1855 930 1871 969 ;
1913 917 1962 958 et
1987 906 2218 977 quaedam
2257 907 2364 958 edi-

274 979 437 1031 tiones
473 979 676 1034 habent.
740 981 835 1033 Sed
859 1002 906 1032 τε
930 981 1082 1044 malo,
1121 981 1261 1052 quod
1283 991 1333 1032 et
1356 980 1409 1032 in
1435 979 1613 1052 scripto
1636 979 1807 1032 codice
1831 980 2014 1042 inveni,
2051 992 2101 1032 et
2134 993 2268 1034 extat
2309 981 2365 1032 in

280 1052 588 1108 Florentino,
644 1056 865 1127 Reperio
904 1055 1056 1109 etiam
1085 1055 1136 1107 in
1173 1054 1477 1107 membranis
1503 1052 1693 1112 Ζοὶἶευσω
1716 1048 1910 1127 dvo-epm.
1935 1084 2011 1094 ——
2029 1055 2170 1107 Cum
2195 1073 2364 1108 mem·

281 1126 447 1180 branis
479 1127 598 1187 facit
625 1129 774 1181 etiam
802 1128 1092 1183 Scholiastes
1124 1128 1343 1202 scriptus.
1403 1127 1629 1199 tCasaub.
1653 1128 1846 1182 LECT.
1874 1127 2100 1182 Theocr.
2138 1147 2184 1182 c.
2203 1129 2237 1182 i.
2289 1144 2364 1183 τοι

277 1219 374 1274 pro
399 1222 462 1261 τε,
495 1204 573 1256 vel
599 1226 657 1262 τι,
689 1203 774 1255 dat
799 1204 1072 1257 Vaticanus
1098 1222 1242 1257 unuS.
1748 1258 1751 1261 .

355 1276 545 1330 Dorica
580 1277 692 1330 sunt
727 1278 967 1331 vocabula
997 1291 1047 1330 et
1084 1296 1148 1330 ex
1185 1276 1277 1330 usu
1315 1275 1511 1348 penitus
1553 1273 1967 1350 remota‚<oeroercq‚
2011 1288 2062 1330 et
2098 1275 2245 1349 quod'
2275 1294 2367 1349 pro

283 1349 464 1403 eodem
506 1354 658 1404 citare
700 1352 894 1404 videtur
936 1351 1237 1424 Hesychius,
1290 1349 1523 1426 ζαγωπᾳτ
1588 1351 1726 1421 quod
1771 1351 1928 1403 modo
1977 1351 2048 1404 est
2098 1347 2366 1416 ὀπονῆευσ-οᾳ,

283 1425 441 1477 modo
481 1425 604 1479 nihil
649 1424 785 1479 aliud
818 1444 974 1497 quam
999 1435 1190 1505 φξοισ-οᾳ,
1241 1437 1290 1478 et
1331 1426 1510 1479 dicere.
1572 1439 1808 1494 zaeycocoq,
1845 1425 2024 1496 inquit,
2063 1423 2365 1490 ἁπονῖὶώσαμ.

282 1510 449 1575 Δωξικη
474 1501 497 1562 ἦ
521 1499 654 1570 Mirr,
678 1522 774 1553 σιντ-ι
799 1521 854 1552 'ra’
878 1522 1064 1575 επτχαν,
1088 1522 1338 1574 κατ-αχεν.
1388 1499 1457 1551 Et
1481 1497 1610 1551 infra
1629 1518 1643 1550 2
1687 1515 1914 1563 Ζοιτωσοᾳ,
1953 1508 2151 1574 φωρησ-οᾳ,
2190 1507 2368 1578 φξαισυᾳ,

282 1569 508 1646 (ammaus,
564 1575 802 1639 ὁπονοησοιι.
880 1575 1052 1627 Scribo
1087 1593 1191 1627 non
1234 1573 1457 1648 ζατεύει-οι,
1501 1572 1583 1645 sed
1622 1571 1830 1643 ζειτωσοι,
1875 1574 2014 1626 sensu
2060 1575 2208 1645 longe
2253 1575 2385 1642 alio,

283 1665 442 1718 quam
485 1649 723 1702 hactenus
770 1648 1032 1721 suspicatus
1080 1648 1152 1701 est
1195 1648 1478 1721 quisquam.
1563 1647 1700 1700 Tota
1749 1647 1858 1699 haec
1905 1649 2061 1701 oratio
2104 1647 2372 1721 Nymphae

285 1721 589 1776 Echenaidis
631 1724 704 1776 est
750 1723 1090 1795 exprobrantis
1127 1722 1398 1795 'Daphnidi
1442 1721 1761 1794 vulgivagam
1799 1721 2074 1785 Venerem,
2127 1745 2208 1787 uoq
2248 1727 2373 1797 ὁρμην

284 1817 454 1855 αις-ωπον.
518 1795 934 1868 juro'Theocriti
960 1798 1193 1860 VenereS,
1235 1798 1411 1850 locum
1437 1815 1543 1849 non
1565 1796 1679 1859 effe,
1718 1796 1807 1867 qui
1845 1797 2015 1849 minus
2040 1797 2102 1849 ab
2128 1797 2376 1870 interpre-

284 1869 417 1922 tibus
459 1872 734 1925 intelleftus
782 1872 857 1935 fit,
902 1890 1026 1924 cum
1067 1873 1127 1925 iis
1165 1890 1279 1944 quae
1319 1870 1608 1944 sequuntur,
1650 1882 1711 1923 ut
1746 1870 2065 1925 ostendemus
2111 1889 2234 1924 cum
2273 1872 2374 1925 fin-

284 1945 402 2015 gula
450 1946 886 1999 considerabimus,
974 1947 1103 2000 Non
1148 1946 1352 1999 videbat
1401 1947 1615 1998 Graecus
1665 1945 1897 2016 interpres
1953 1947 2216 2017 quomodo
2265 1946 2375 2001 haec

286 2019 586 2092 conciliaret,
635 2034 722 2073 aut
762 2021 1024 2092 quomodo
1059 2039 1117 2072 ea
1159 2038 1314 2092 quam
1358 2020 1635 2073 offenderat
1673 2020 1907 2092 Daphnis
1958 2021 2202 2073 diceretur
2244 2020 2377 2095 ζητρω

287 2115 355 2145 τον
382 2105 564 2164 Δαφνιν,
602 2113 723 2148 cum
756 2097 920 2168 potius
950 2114 1071 2148 eum
1105 2095 1276 2167 fugere
1300 2096 1527 2148 debebat.
1591 2095 1910 2167 Excogitavit
1945 2112 2064 2166 ergo
2089 2117 2233 2170 96⁷le
2258 2119 2378 2168 ειρω-

287 2189 423 2224 νεωιςε
468 2189 588 2242 que,
616 2182 859 2242 tanquam
880 2171 1211 2223 condimento
1237 2170 1422 2240 aliquo,
1462 2169 1562 2221 hoc
1587 2190 1793 2239 αππ-ημοι
1819 2169 2042 2222 dilueret.
2101 2169 2198 2221 Sed
2223 2171 2376 2225 verba

285 2260 627 2314 apponamus:
665 2259 939 2298 ΖΑΤΕΥΣΑ.
982 2254 1196 2301 Aconum.
1240 2242 1477 2299 Σιωοωῖὶεον
1495 2238 1540 2295 δε
1558 2262 1659 2295 τετυ
1682 2265 1768 2299 τοις
1795 2264 1957 2296 επανω.
2002 2258 2146 2316 Horum-31
2172 2239 2217 2296 δε
2241 2258 2378 2297 πλοι-

229 2332 231 2337 ’
288 2340 416 2382 ναῦται]
442 2318 631 2389 {movens
655 2340 723 2372 σε.
785 2335 1093 2392 Ειρωνευομενος
1117 2313 1162 2371 δε
1188 2317 1299 2387 λεγᾷ
1331 2336 1446 2377 ωε9ς
1469 2341 1588 2370 avum
1612 2341 1738 2369 τουπ.
1789 2330 1917 2374 Avus
1949 2340 2026 2392 pap
2051 2329 2219 2389 μαλλον
2243 2316 2375 2393 effre-d,

289 2392 366 2445 olla
390 2412 486 2446 τετυ
509 2416 587 2458 και]
610 2387 808 2468 dvo-spaos-
867 2396 937 2447 Et
961 2412 1085 2446 mox
1100 2413 1116 2446 t
1148 2390 1356 2451 Zd'levou.
1410 2408 1668 2466 Ειρωνευετοᾳ
1687 2386 1745 2443 ὃς.
1790 2405 1908 2453 Ζητθε
1931 2415 2009 2466 Jeep
2033 2415 2158 2450 αυπς
2189 2405 2375 2465 μαλλον.

289 2483 351 2520 Ου
375 2465 558 2542 ζητεῖται
579 2468 688 2525 ’ἱππ-ο
711 2491 784 2529 της
808 2476 1016 2539 Νυμφης.
1061 2484 1099 2520 Η
1126 2490 1164 2544 '57
1189 2463 1498 2543 mepnyofflcoef
1524 2470 1542 2518 ὁ
1569 2479 1709 2533 >myos-
1761 2466 1954 2518 Totam
1983 2480 2235 2539 propterea
2261 2487 2376 2521 ora-

286 2542 475 2595 tionem
510 2555 651 2615 putat
677 2541 771 2594 effe
796 2542 1090 2595 consolantis
1116 2541 1449 2614 Daphnidem
1477 2540 1641 2612 Priapi
1663 2560 1676 2592 :
1721 2558 1843 2592 cum
1870 2540 1926 2591 fit
1951 2542 2246 2612 indignantis
2279 2559 2379 2614 pu-

287 2617 412 2679 ellae,
455 2635 577 2670 cum
616 2615 774 2668 fidem
811 2616 1040 2689 fregerat,
1079 2633 1338 2688 quamque
1373 2614 1702 2667 inconstantia
1743 2615 1826 2666 sua
1859 2613 2167 2669 offenderat:
2213 2616 2382 2687 itaque

289 2704 365 2744 tot
396 2709 583 2745 errores
611 2691 903 2753 committit,
942 2703 1068 2762 quot
1093 2692 1241 2742 verba
1265 2691 1555 2761 sequuntur.
1625 2689 1840 2759 Antiqui
1864 2689 2022 2741 critici
2047 2708 2151 2742 non
2177 2689 2249 2742 est
2277 2691 2379 2742 du-

288 2766 435 2818 bium
460 2766 584 2837 quin
608 2766 659 2818 in
692 2764 793 2817 hoc
817 2765 1077 2818 Theocriti
1113 2766 1228 2818 loco
1265 2766 1447 2836 partim
1486 2761 1691 2837 ζατωσοι,
1731 2761 2038 2823 cmvflwgm,
2076 2762 2379 2839 ζηλοτυπεσ-οι,

292 2835 640 2912 exposuerint:
691 2840 874 2911 partim
908 2839 1191 2913 simpliciter
1237 2837 1461 2911 φραζεπι,
1509 2838 1651 2908 quod
1697 2837 1839 2890 nobis
1875 2838 2052 2911 placet.
2127 2839 2222 2890 Sed
2265 2851 2381 2892 utro

291 2914 448 2966 modo
473 2915 654 2976 sumam,
693 2914 850 2966 oratio
875 2932 987 2984 quae
1030 2913 1252 2985 sequitur
1285 2913 1432 2984 ipfius
1458 2910 1721 2983 Nymphae
1747 2911 1849 2962 est.l
1893 2913 2044 2964 Hanc
2077 2913 2383 2984 praetermifit

293 2989 547 3060 Virgilius,
585 2990 675 3060 qui
701 2985 1070 3040 distindfione'm
1097 3000 1257 3040 totam
1283 2987 1485 3047 vitabat,
1527 3005 1683 3057 quam
1710 2985 1836 3037 inter
1861 3001 2090 3047 Βκκςλικην
2114 3000 2162 3039 et
2188 3000 2381 3050 Αιπολι-

291 3085 367 3124 κην
385 3050 507 3132 razn
524 3063 690 3127 Graeci
715 3062 952 3124 statuunt,
981 3062 1117 3114 unde
1136 3061 1243 3114 haec
1268 3061 1544 3132 dependet:
1577 3078 1639 3111 ne
1663 3074 1919 3130 cogeretur
1942 3084 2195 3134 αχημονεεν.
2233 3062 2386 3115 Dixit

241 3152 243 3154 ’
294 3148 511 3197 tantum,
551 3147 584 3169 “
606 3149 690 3188 tua
715 3155 833 3189 cura
859 3136 1064 3208 Lycoris
1091 3135 1248 3188 alium
1274 3137 1435 3186 secuta
1462 3133 1582 3196 est‚'’
1623 3146 1676 3185 ut
1710 3134 2099 3205 indignationem
2126 3137 2227 3207 ejus
2252 3132 2395 3188 indi-'

294 3223 446 3264 caret.
506 3213 739 3264 Tantum
765 3210 900 3262 abest
927 3225 981 3263 ut
1021 3210 1258 3271 redderet,
1303 3219 1346 3260 te
1371 3207 1564 3280 qztaerit,
1603 3208 1727 3260 ficut
1753 3211 1903 3279 vulgo
1944 3209 2139 3279 legitur.
2204 3211 2384 3280 Qn-

294 3303 450 3355 quam
472 3285 656 3338 in·toto
681 3303 741 3337 eo
768 3285 880 3337 loco
920 3284 1205 3357 plusculum
1231 3283 1320 3336 fibi
1348 3281 1634 3354 permiserit,
1670 3294 1721 3334 et
1745 3282 1937 3352 judicio
1964 3283 2020 3334 fit
2046 3284 2159 3335 usus
2183 3283 2287 3345 su0,
2328 3296 2386 3336 ut

294 3360 450 3412 solent
476 3373 691 3412 veteres:
737 3377 766 3411 a
790 3359 971 3430 quibus
997 3359 1086 3430 qui
1123 3358 1430 3428 relligionem
1455 3368 1504 3407 et
1532 3355 1688 3408 fidem
1723 3356 1776 3407 in
1800 3357 2134 3428 exprimendis
2156 3370 2385 3414 veterum

297 3434 423 3486 locis
445 3434 730 3506 requireret,
769 3432 893 3504 saepe
926 3433 1193 3486 falleretur.
1249 3430 1486 3484 Eundem
1528 3429 1722 3482 sensum
1756 3430 1943 3501 reliqua
1977 3432 2149 3485 omnia
2174 3450 2287 3502 quae
2311 3431 2387 3483 se-

297 3519 522 3579 quuntur
556 3508 778 3581 praestare
805 3507 1080 3560 debebant:
1124 3524 1237 3578 quae
1272 3504 1366 3557 hac
1391 3501 1644 3556 occafione
1676 3521 1778 3556 non
1804 3506 1972 3557 minus
1996 3523 2253 3578 perperam
2278 3506 2389 3558 sunt

296 3581 563 3635 intellecta.
618 3583 750 3638 Illud
777 3581 1093 3655 interjiciatur
1118 3593 1306 3643 tamen,
1345 3599 1420 3641 naq
1445 3572 1521 3629 δια
1546 3598 1665 3652 μευ-ε
1689 3576 1858 3633 maffia.
1907 3581 2154 3652 Interpres
2179 3582 2391 3634 Graecus

1393 3653 1492 3724 (E)
2273 3672 2395 3707 cum

353 606 424 661 V.
447 607 533 663 82.
