2852 4004
563 314 677 371 274
1081 295 1138 348 N
1178 294 1228 348 O
1266 296 1318 349 T
1351 294 1437 348 [Ε.
1549 293 1772 348 XXIV.
1819 290 1937 347 106.
1985 307 2103 366 135.

567 396 790 458 Addam,
830 412 921 448 nec
959 393 1219 446 Theocriti
1259 394 1642 466 simplicitatem,
1681 411 1773 446 nec
1809 395 2000 448 Graecae
2047 394 2228 465 linguae
2273 392 2479 456 idioma,
2517 392 2646 446 ferre

567 491 802 523 επισκοπον
826 469 923 520 hoc
950 470 999 520 in
1026 469 1152 520 loco.
1210 470 1339 537 Qae
1365 483 1462 519 vox
1491 469 1692 539 aliquod
1717 468 1979 538 regiminis,
2001 466 2348 539 fhperwfionis,
2387 467 2490 519 fere
2513 466 2646 519 sem·

571 559 658 613 per
684 545 735 594 in
761 543 831 594 sui
858 541 1208 613 fignificatione
1232 542 1396 593 secum
1424 542 1532 594 fert.
1578 541 1874 609 Hesychius,
1920 555 2260 594 ΕΠΙΣΚΟΠΟΣ.
2295 538 2646 602 &commodem-

572 638 681 675 κους,
709 613 880 684 (pomi,
905 613 1075 675 επηὶἰης,
1099 637 1410 686 κατωσ-κοπος.
1473 615 1578 667 Ubi
1603 615 1714 666 vide
1737 614 2043 667 doctissimos
2068 616 2393 666 adnotatores.
2458 611 2650 665 Confer

573 702 621 741 et
648 691 808 742 Hom.
834 687 1007 758 Odyff.
1028 689 1173 741 VIII.
1207 690 1323 759 163.
1386 689 1661 740 Duriorem
1692 688 2037 760 metaphoram
2067 687 2297 741 fatebere.
2350 688 2527 758 Qam
2552 685 2647 738 sal-

572 776 676 817 tem
701 763 831 814 tollit
857 763 931 813 vel
959 762 1151 814 Heinfii
1178 761 1255 813 vel
1280 761 1442 813 nostra
1463 762 1764 830 conjectura.
1972 763 1973 766 ’
1997 790 1999 792 -
2599 811 2603 817 ,

647 837 712 887 V.
739 837 856 888 106.
901 851 1081 906 Ευρυπς,
1114 829 1163 887 εκ
1189 855 1386 906 mm,
1421 835 1637 906 &C.-—]
1677 835 1895 903 Eurytus
1921 833 2119 907 insignis
2141 840 2243 886 erat
2261 833 2518 904 jaculator.
2571 833 2650 886 Εὲ

568 910 788 981 jusdem,
815 909 1002 979 quippe
1027 908 1116 978 qui
1141 906 1287 959 fuerit
1312 909 1620 977 Argonauta,
1657 908 1847 959 mentio
1873 906 1931 959 fit
1954 909 2087 979 apud
2114 906 2448 978 Apollonium
2467 904 2648 958 Rhod.

574 984 616 1035 I.
644 982 731 1034 88.
787 983 944 1053 Apud
972 980 1280 1042 Homerum,
1319 992 1468 1051 negat
1492 979 1688 1049 Ulysses
1713 980 1989 1051 sagittando
2006 980 2200 1034 certaffe
2224 980 2271 1032 se
2301 979 2425 1032 olim
2448 976 2651 1032 voluifi'e

575 1074 696 1108 cum
731 1056 940 1125 Eurth
980 1052 1153 1124 Odyff.
1170 1054 1320 1106 VIII.
1350 1062 1469 1122 224.
1532 1053 1653 1105 Vid.
1691 1065 1742 1104 et
1773 1054 1836 1107 L.
1862 1055 2010 1110 XXI.
2039 1071 2126 1127 3²·
2189 1053 2404 1106 Necnon
2437 1050 2650 1104 Luciani

574 1130 749 1182 Piscat.
777 1129 819 1181 I.
861 1126 1044 1179 Wetst.
1083 1145 1133 1199 p.
1160 1127 1278 1200 576.
1324 1129 1369 1197 ς.
1392 1128 1444 1180 6.
1485 1126 1609 1197 Legi
1631 1126 1786 1199 poffet
1817 1139 1867 1180 et
1892 1150 2091 1206 war-2305,
2129 1139 2186 1179 ut
2210 1127 2261 1178 in
2287 1127 2552 1197 Callia-gn,
2587 1140 2648 1177 a·

575 1201 743 1272 liisque
770 1201 1030 1253 veteribus.
1090 1200 1283 1252 Confer
1308 1201 1408 1253 huc
1434 1201 1825 1270 Apollodorum,
1863 1200 2100 1255 Biblioth.
2135 1201 2198 1254 L.
2220 1201 2287 1254 11.
2320 1200 2386 1253 iv.
2430 1202 2551 1272 §.9.

648 1276 715 1328 V.
741 1293 758 1327 1
778 1292 856 1344 15.
896 1286 1170 1346 Θαρσαλεως
1191 1296 1257 1330 τις
1279 1294 1445 1345 §postm-
1460 1274 1559 1346 —-]
1597 1274 1757 1344 Lego,
2036 1312 2043 1314 >

797 1388 1138 1428 ΘΑΡΣΑΛΕΟΣ
1165 1395 1231 1429 τις
1259 1393 1421 1444 speum.
1441 1401 1517 1415 --

649 1477 719 1528 V.
749 1491 866 1545 127.
893 1474 1120 1530 ‘orn-mea,
1149 1472 1273 1544 &c.]
1313 1470 1655 1524 Pulcherrime
1676 1471 2064 1526 circumstantias
2087 1471 2208 1535 illas,
2236 1470 2333 1524 five
2357 1450 2651 1542 digreffiunss

576 1550 727 1611 cuias,
764 1550 823 1600 de
853 1545 1095 1618 magistris
1121 1558 1167 1596 et
1191 1546 1571 1615 praeceptoribus
1595 1546 1735 1618 pueri
1762 1546 2018 1608 Herculis,
2056 1559 2201 1618 poeta
2222 1545 2387 1599 noster
2409 1545 2620 1600 intexuit
2631 1568 2662 1610 5·

576 1623 796 1695 ipsorum
821 1622 942 1673 vitas
965 1633 1014 1672 et
1039 1618 1291 1671 historiam
1320 1619 1530 1673 breviter
1551 1620 1819 1690 attingenS.

653 1698 718 1749 V.
737 1716 756 1750 1
771 1714 797 1765 3
809 1715 858 1768 ς.
878 1725 954 1735 —
971 1711 1027 1746 Εν
1049 1713 1189 1763 aasz?
1214 1713 1354 1762 μεροις
1376 1693 1541 1765 apros]
1581 1693 1725 1746 Panis
1749 1693 1831 1745 ine
1857 1693 2075 1746 Doricus
2099 1692 2280 1746 vilioris
2303 1706 2408 1748 erat
2436 1690 2652 1765 generis,
2703 1691 2706 1693 ’

579 1769 810 1842 operariis
835 1768 1037 1840 praeberi
1061 1766 1246 1817 solituS.
1303 1765 1531 1836 Intellige
1565 1784 1750 1838 panem
1775 1766 2005 1828 craffum,
2047 1785 2148 1818 non
2173 1767 2454 1819 delicatum.
2503 1765 2653 1819 Olim

579 1845 883 1914 conjeceram
909 1840 1194 1911 legendum,
1225 1854 1288 1891 Εκ
1308 1859 1465 1908 namq).
1511 1839 1606 1890 Sed
1626 1841 1823 1911 vulgata
1846 1841 1993 1892 lectio
2020 1840 2090 1892 est
2115 1858 2178 1893 ex
2201 1840 2434 1893 idiomate
2451 1839 2652 1892 Graeoo.

575 1918 766 1971 Adaeus
793 1916 845 1967 in
871 1916 1266 1986 Epigrammate,
1302 1911 1517 1967 Anthol.
1543 1913 1709 1984 Ceph.
1738 1914 1876 1966 Edit.
1900 1914 2071 1968 Oxon.
2109 1932 2216 1986 pag.
2235 1931 2327 1983 40.
2366 1915 2482 1973 Car.
2506 1930 2638 1987 507.

804 2028 896 2066 Τοιν
922 2021 992 2071 div,
1032 2036 1067 2064 ω
1093 2026 1306 2083 Acelum-ep
1329 2033 1546 2082 εποιγμιε,
1584 2034 1665 2064 των
1688 2007 1956 2085 δὀικερωτον

872 2102 1042 2160 Μοχον,
1078 2108 1153 2150 ,aq
1178 2106 1352 2156 τροχιοιν
1392 2101 1462 2137 EN
1499 2099 1713 2138 ΚΑΝΕΩι
1747 2081 1924 2155 wuido&-

801 2186 948 2247 Ovim
971 2185 1080 2248 tibi,
1119 2187 1255 2238 Ceres
1278 2183 1414 2254 mffs
1442 2186 1633 2256 praests,
1671 2194 1716 2235 et
1739 2182 1937 2237 nondum
1960 2194 2204 2238 cornutam

875 2259 1104 2321 Vitulam,
1143 2269 1189 2310 et
1231 2256 1483 2309 rotundam
1506 2258 1556 2309 in
1581 2257 1791 2310 canistro
1819 2258 2114 2331 placentam.

577 2365 733 2434 Qod
758 2363 1089 2434 epigramma,
1131 2372 1188 2412 ut
1223 2359 1272 2411 id
1315 2358 1474 2411 obiter
1504 2372 1694 2422 notem,
1744 2361 1934 2433 primus
1969 2360 2122 2415 edidit
2158 2359 2411 2431 integrum
2435 2358 2659 2429 Jacobuss

578 2438 826 2499 Metrick,
879 2437 955 2490 vir
990 2435 1173 2486 harum
1212 2434 1467 2485 literarum
1507 2433 1866 2497 scientiffimus,
1909 2434 1975 2486 ad
2014 2433 2449 2506 Tryphiodorum,
2492 2433 2654 2490 Indic-

577 2512 772 2577 Vocab.
818 2528 936 2581 pag.
967 2524 1085 2578 107.
1147 2508 1384 2559 Similiter
1409 2507 1677 2570 LucianuS,
1726 2523 1864 2582 Afras
1895 2504 1995 2566 oiim
2034 2529 2232 2565 ἀνῆκας
2266 2521 2339 2560 EN
2376 2520 2659 2578 1’11’1’48‘12«.

583 2587 703 2640 Oefc'o
726 2585 884 2636 Panes
903 2581 1137 2635 Nauticos
1159 2581 1210 2634 in
1226 2579 1474 2633 Canistro.
1532 2582 1744 2636 Meretr.
1775 2581 1910 2636 Dial.
1944 2599 2056 2654 pag.
2075 2581 2202 2654 989.
2245 2581 2318 2638 D·
2346 2581 2466 2637 edit.
2488 2580 2661 2638 Bout-

581 2659 728 2711 delot.
784 2656 1044 2708 Homerus
1071 2655 1240 2717 etiam,
1278 2652 1455 2725 Odyff.
1480 2656 1525 2706 I.
1557 2670 1682 2724 247.

803 2771 924 2809 Σιτον
947 2754 978 2828 {3
1004 2750 1149 2826 δμωαᾳ
1175 2775 1406 2828 παρενηνεον
1442 2769 1517 2805 EN
1552 2768 1839 2807 KANEOIZI.

805 2857 995 2910 Panem
1021 2857 1075 2908 in
1099 2855 1319 2909 canistris
1346 2873 1458 2908 vero
1482 2854 1671 2908 ancillae
1690 2855 2012 2928 expediebant.

585 2961 748 3022 Idem,
788 2956 903 3010 ibid.
954 2959 1018 3010 L.
1042 2958 1135 3010 III.
1163 2972 1285 3024 442.
1348 2955 1542 3009 Eadem
1559 2955 1714 3027 ‘piane
1739 2955 1980 3010 formula.

1197 3056 1322 3134 ἘἿεςῃ
1348 3052 1504 3122 &vexere
1534 3065 1724 3110 οΥΛΑΣ

814 3147 891 3185 EN
927 3146 1160 3184 KANEffl.

1198 3232 1373 3285 Altera
1404 3230 1602 3284 babebat
1634 3229 1793 3283 moins

809 3308 870 3359 In
897 3307 1139 3360 CanistrO.
1270 3332 1275 3357 ,-

590 3398 776 3460 Confer
814 3406 954 3457 Iliad.
981 3405 1073 3457 IX.
1103 3420 1229 3476 217.
1290 3405 1363 3459 Et
1398 3401 1575 3475 odyss.
1593 3402 1748 3458 XVI.
1777 3419 1866 3475 51.
1929 3401 2107 3489 XVII.
2128 3415 2195 3489 33
2205 3414 2253 3472 5.
2283 3419 2407 3479 343.
2450 3401 2659 3455 XVIII.
2710 3389 2714 3396 ¹
2762 3418 2769 3425 ·

600 3499 721 3552 119.
768 3479 888 3533 XX.
916 3490 1044 3552 255.
2441 3545 2659 3619 V.136.

2804 3438 2811 3444 2
2803 2983 2809 2988 .

2830 3734 2837 3739 '¹
2824 3686 2835 3694 V
2829 3168 2852 3644 snfflsskfflss-..rfflkwhussmh
2831 3054 2852 3142 Lau...
2848 3003 2852 3006 .
