2852 4004
0 2125 28 2180 Ἣ
0 2075 2 2078 ,

786 255 1746 318 EPI-GRAMMATA.
2208 287 2320 344 3¹9

238 357 291 430 J.
309 357 379 413 E.
419 363 456 391 “
475 354 625 411 Homo
647 363 800 428 parce
822 360 961 425 vim,
999 375 1140 431 neque
1179 368 1381 431 tempore
1417 358 1566 416 alieno
1603 364 1804 435 naviga,
1843 366 1956 439 quia
1991 370 2105 426 vita
2135 370 2332 430 hominis

234 430 296 505 est
318 429 491 484 brevis.
542 429 700 503 M'JZ’r
724 431 947 495 Cleonice,
985 442 1042 486 tu
1064 432 1118 486 in
1140 433 1366 506 optimam
1390 432 1591 507 {Thasiam
1612 439 1873 510 pervenire
1885 445 2165 516 propercfii,
2200 466 2328 501 mer.

235 517 372 560 cator
411 523 471 558 ex
497 504 765 578 Caelcfiria.
836 508 1092 562 Mrcator
1114 506 1336 572 Cleonice,
1360 507 1457 580 sub
1498 509 1645 585 ipfitm
1676 513 1888 570 Pleiadis
1930 521 2153 591 occasum,
2195 540 2329 577 mare

236 582 486 654 tratfiuns
506 589 676 644 nauta,
713 599 819 636 cum
843 579 1042 636 Pleiade
1050 580 1203 653 fimul
1221 581 1471 655 occidisti.’'

311 678 382 732 V.
402 686 455 734 2'.
491 677 715 737 Νὶιυτιλος
739 679 842 736 1091.
858 683 958 756 -]
998 680 1277 735 Nonnullis
1305 681 1497 755 placuit
1520 705 1576 738 ων
1600 683 1874 741 subaudire.
1932 689 2163 747 Reiskius
2187 696 2328 751 affert

236 752 619 888 gaspannas&
639 776 719 839 gap
737 756 812 811 ὦς.
850 756 958 827 Qj
982 766 1214 840 praeterea
1235 768 1411 811 monet
1435 756 1536 812 hoc
1560 777 1760 816 carmen
1778 760 2001 816 conferas
2019 783 2139 820 cum
2157 771 2327 843 Epigr.

285 846 312 883 a
371 845 455 882 ma
525 866 539 882 .
566 845 673 881 xm.

308 902 378 955 V.
403 902 494 957 ult.
532 916 776 977 Ποντοπορῳ
808 903 980 977 vam-31]
1023 903 1252 958 Graevius
1291 904 1589 979 rescripserat
1612 922 1855 982 Πονππορος
1884 932 2050 973 vav-1:275.
2112 913 2331 971 Pulchre

235 977 454 1051 quidem·
490 975 787 1031 cultiffimus
819 977 1100 1043 Piersonus‚
1138 997 1167 1032 e
1205 979 1479 1034 Codicibus
1522 982 1837 1056 plerumque.
1901 985 2185 1047 Verofimil.
2212 991 2246 1046 i.
2276 1009 2327 1063 3.

277 1091 291 1108 ο
363 1070 408 1108 1·

236 1070 276 1127 P
315 1068 353 1122 4
463 1139 678 1201 Εμποςος,
713 1147 750 1177 ω
775 1136 992 1186 Κλεονικὲ,
1032 1121 1153 1181 blm-w
1177 1121 1346 1186 Al'cw
1370 1124 1583 1188 πλειοιὸος
1607 1130 1774 1189 xvv-lu),

534 1213 899 1254 uonmnoma
933 1214 1144 1255 nArTffl
1180 1203 1366 1256 πλειοιῶ
1406 1218 1802 1258 ΣΥΓΚΑΤΕΔΥΣ.

234 1300 369 1356 Vide
393 1300 452 1355 fis
478 1300 665 1354 Graevii
686 1288 998 1354 Proaemium
1021 1302 1083 1355 ad
1103 1301 1480 1358 Callimachum
1504 1305 1953 1378 Spanhemianum.
2002 1307 2107 1361 Ubi
2131 1308 2332 1363 testatur

234 1375 315 1430 vir
354 1375 551 1438 doetus,
596 1392 746 1447 penes
784 1375 832 1427 se
863 1373 1007 1429 fuiffe
1044 1377 1318 1432 editionem
1351 1379 1595 1434 Aldinam
1629 1379 1969 1454 Anthologiae,
2010 1400 2165 1454 quam
2209 1401 2334 1438 cum

233 1451 427 1506 Codice
450 1450 645 1506 Aldino
667 1449 941 1505 contulerat
967 1450 1279 1524 Sylburgius.

704 1792 1686 1873 EPIGRAMMA
1777 1813 1861 1875 x.

271 2001 272 2004 ¹
308 1983 376 2038 V.
394 1976 866 2058 3.-3'Erepa›3.—]‘
903 1980 1108 2062 Veteres
1132 1982 1280 2063 inger.
1341 1983 1623 2059 Stephanus
1652 1997 1708 2040 ut
1731 2003 1839 2041 nos.

677 2335 1881 2405 EPIGRAMMA=XL

313 2517 381 2572 V.
397 2534 452 2588 4.
474 2514 781 2589 Χύμνοθετης.
796 2518 897 2592 -]
936 2519 1182 2592 ’τμνοθετης
1204 2518 1275 2572 est
1289 2529 1446 2593 poeta.
1489 2519 1693 2594 Proprie
1719 2539 1836 2576 vero
1853 2521 2164 2577 Praecentor:
2201 2540 2330 2596 qua-

241 2593 300 2649 lis
322 2592 571 2646 nimirum
596 2590 748 2645 hodie
785 2592 1010 2649 minister
1036 2595 1136 2656 ille,
1174 2593 1264 2665 qui
1287 2594 1423 2666 apud
1447 2613 1537 2648 nos
1565 2595 1617 2648 in
1652 2595 1863 2650 ecclefiis
1885 2595 2246 2651 cathedralibus
2280 2610 2331 2651 et

239 2667 526 2740 collegiatis,
564 2666 653 2720 ubi
675 2677 826 2720 cantu
862 2666 1049 2722 solenni
1089 2685 1178 2741 per
1203 2666 1443 2722 Chorales
1476 2670 1724 2742 plurimos
1747 2671 1877 2725 sacra
1900 2671 2050 2743 digne
2080 2688 2329 2745 peragun-

236 2755 335 2808 tur,
373 2741 620 2796 cantanda
651 2740 935 2814 praescribit,
974 2754 1025 2797 et
1055 2742 1272 2798 chorum
1305 2744 1396 2797 rite
1433 2744 1738 2800 moderatur.
1802 2744 1918 2800 Who
1935 2744 2059 2816 fitts
2091 2744 2168 2800 the
2194 2758 2332 2801 tune.

240 2815 372 2872 Haec
394 2816 464 2872 ita
485 2815 686 2887 corrigit
708 2814 963 2872 Reiskius.

459 2915 730 2984 Χῦμνοθετης
752 2934 792 2968 εν
815 2937 902 2971 τοις
925 2907 1160 2985 immutate
1182 2896 1416 2977 Φιλοκληὲ.

463 3021 500 3048 “
514 3013 576 3066 In
599 3011 763 3086 quibus
786 3014 932 3069 etiam
955 3025 1063 3068 erat
1086 3013 1279 3068 divinus
1297 3024 1437 3087 poeta
1461 3011 1730 3068 Philocles.”

239 3108 375 3165 Haec
411 3122 468 3164 ut
506 3110 742 3183 leguntur
779 3111 930 3165 hodie
954 3112 1192 3167 Brodaeus
1219 3113 1527 3167 emendabat.
1591 3113 1840 3166 Probante
1864 3111 2101 3178 Heinfio,
2132 3115 2219 3186 qui
2259 3115 2327 3168 ita

235 3183 417 3238 ,locum
438 3186 663 3258 exponit.
728 3187 953 3241 “Etiam
992 3188 1103 3260 ipfis
1136 3187 1292 3259 poetis
1318 3187 1387 3239 ibi
1425 3200 1572 3241 notus
1599 3199 1647 3239 et
1674 3200 1901 3259 acceptus
1936 3200 2054 3251 erat,
2091 3206 2119 3240 a
2144 3189 2328 3259 quibus

240 3258 410 3332 postea
432 3259 715 3333 epicedium
741 3262 936 3315 meruit.
975 3262 1151 3334 Itaque
1167 3278 1231 3313 ne
1254 3258 1356 3313 hoc
1377 3261 1583 3333 quidem
1608 3260 1799 3314 honore
1815 3262 1972 3314 caruit
1989 3279 2141 3331 quem
2170 3256 2328 3334 poetae

234 3333 561 3387 conferunt?
602 3353 649 3388 c.
671 3335 805 3389 xxvi.
870 3338 1180 3407 Supremum
1220 3352 1336 3387 vero
1384 3334 1628 3387 distichon
1666 3335 1734 3387 ita
1774 3347 1937 3388 mutat
1976 3335 2227 3397 HeinfiuS,
2272 3349 2330 3387 ut

241 3424 460 3461 acumen
484 3408 705 3472 inducat,
745 3409 963 3481 antiquas
987 3407 1303 3481 simplicitati,
1341 3419 1453 3462 tum
1478 3409 1739 3481 praecipuae
1763 3409 1932 3461 veteris
1958 3408 2328 3479 epigrammatis

242 3479 418 3546 indoli,
455 3481 650 3554 prorsus
673 3484 922 3556 ignotum.
980 3484 1158 3557 Qod,
1188 3501 1251 3535 ne
1275 3482 1379 3536 vim
1400 3484 1651 3557 patiantur
1674 3499 1813 3536 aures
1837 3483 2081 3555 ingenuae,
2110 3500 2211 3535 non
2238 3502 2328 3554 ap-

241 3557 498 3628 ponimus.
543 3617 549 3621 *
1850 3577 1854 3581 ’
2186 3556 2248 3607 V-
2276 3576 2325 3629 5·
