2852 4004
614 347 826 387 εῡῐτιο
887 345 1213 386 Tnaocmrr
1277 318 1614 396 ANT1Q5'10R
1677 344 1937 385 AtmnA.

255 424 416 480 habuit,
443 430 601 472 certum
627 426 684 469 est
701 445 714 470 z
747 426 945 484 siquidem
971 426 1116 468 folium
1143 425 1253 484 quod

255 497 369 526 nunc
399 483 456 527 est
475 485 687 541 septimum
719 484 940 527 solitarium
966 483 1040 536 est,
1070 498 1146 526 nec
1177 491 1254 526 co·

254 540 574 585 haereret‘hodie
590 555 687 584 cum
712 540 867 597 reliqua
891 540 1022 596 operis
1040 554 1254 598 compage,

255 596 330 639 nisi
354 596 505 655 aliquis
535 599 686 641 chartae
713 597 904 640 laciniam
938 596 1134 648 adsuiss'et,
1161 610 1254 653 quae

257 653 544 711 complectitur
562 670 656 712 quae
674 668 787 697 nunc
806 654 897 696 sunt
919 653 985 696 sex
1017 654 1146 709 prima
1163 653 1255 696 libri

259 709 358 752 folia
373 729 388 762 3
419 712 477 754 ita
495 721 541 755 ut
555 725 644 767 pars
661 712 747 777 ejus
767 721 861 754 ante
880 710 918 752 id
936 711 1045 767 quod
1067 725 1178 754 nunc
1198 709 1254 752 est

258 765 403 809 folium
421 768 613 823 primum,
642 767 722 810 alia
739 778 876 811 autern
895 782 983 823 pars
1007 767 1093 823 post
1111 766 1255 810 folium

259 824 369 879 quod
389 839 503 867 nunc
521 824 577 867 est
597 825 769 877 sextum,
791 824 1002 880 paululum
1019 834 1132 867 extet
1148 842 1162 875 3
1192 836 1255 866 at-

260 895 342 936 que
370 882 419 923 ad
449 883 557 925 hanc
589 883 740 924 chartae
772 891 944 938 partem,
969 881 1114 924 folium
1147 881 1257 938 quod

262 951 375 980 nunc
408 938 466 981 est
495 939 725 995 septimum,
769 953 823 981 ne
852 939 1002 981 scilicet
1035 938 1257 990 excideret,

261 994 561 1051 agglutinatum
586 995 756 1050 reperio.
805 995 979 1038 Constat
997 1010 1094 1052 ergo
1114 994 1257 1037 folium

259 1064 391 1093 unum
409 1051 578 1107 periisse,
596 1051 675 1095 five
693 1051 888 1095 Titulum
907 1051 1025 1094 illum
1044 1053 1258 1102 exhibens,

262 1107 342 1150 sive
375 1111 529 1163 prorsus
557 1118 749 1160 vacuum,
788 1109 899 1166 quod
937 1110 981 1151 in
1015 1109 1135 1151 initio
1167 1110 1260 1151 libri

263 1164 490 1220 prostabat3
529 1176 571 1209 et
603 1180 700 1208 cum
730 1167 826 1217 hoc,
855 1167 963 1222 quod
1000 1181 1110 1209 nunc
1140 1167 1260 1222 septi-

265 1236 380 1265 mum
399 1222 473 1274 est,
501 1221 568 1266 sex
588 1223 827 1266 intermedia
846 1223 943 1265 folia
961 1224 1262 1279 compleaeba-

265 1289 345 1321 tur.
394 1279 524 1322 Simili
543 1280 661 1335 plane
683 1280 824 1331 modo,
850 1280 996 1322 folium
1015 1281 1124 1337 quod
1150 1295 1263 1324 nunc

264 1336 480 1391 septimum
497 1350 521 1379 a
539 1336 622 1380 fine
641 1337 713 1388 est,
742 1337 962 1379 solitarium
987 1338 1062 1389 est,
1090 1348 1132 1380 et
1150 1339 1264 1381 exci-

265 1393 395 1444 deret,
424 1393 496 1437 nisi
524 1395 664 1437 eadem
688 1396 845 1437 ratione
863 1409 944 1450 qua
969 1394 1182 1450 septimum
1213 1397 1264 1438 ab

263 1450 384 1493 initio
402 1451 561 1508 reliquo
579 1451 690 1506 operi
709 1451 1008 1508 agglutinatum
1026 1451 1156 1494 foret:
1187 1453 1265 1495 ita-

267 1522 350 1564 que
380 1518 422 1550 et
449 1508 494 1549 in
517 1507 598 1550 fine
617 1508 743 1550 deesse
770 1509 920 1550 ibidem
947 1508 1092 1550 folium
1118 1523 1264 1560 unum,

266 1564 434 1620 perinde
462 1566 571 1607 acin
607 1566 741 1618 initio,
770 1564 898 1622 liquet
914 1583 927 1615 3
963 1565 1029 1607 sed
1058 1576 1194 1608 utrum
1226 1567 1265 1608 id

267 1623 440 1664 omnino
463 1637 637 1664 vacuum
663 1622 802 1673 fuerit,
830 1632 901 1664 aut
931 1621 959 1664 fi
991 1637 1075 1665 non
1094 1637 1267 1665 vacuum

269 1679 366 1734 quid
401 1679 566 1722 haberet
598 1678 844 1733 impress'um,
885 1678 1003 1734 plane
1036 1679 1079 1721 in
1111 1680 1269 1721 incerto

235 1754 241 1759 ·
267 1735 340 1778 esti
390 1735 622 1778 Minutiora
652 1737 742 1778 haec
772 1735 968 1792 quidem3
1004 1736 1069 1778 sed
1099 1737 1149 1777 ad
1181 1751 1268 1779 rem

266 1790 443 1835 nostram
459 1792 706 1847 probandam
722 1792 1029 1848 luculenterque
1042 1793 1269 1844 monstran-

268 1850 364 1892 dam
399 1851 577 1892 maxime
607 1849 836 1900 necessaria,
874 1863 950 1891 nec
986 1850 1078 1891 ideo
1114 1849 1272 1892 filentio

269 1906 563 1961 praetereunda.

317 1962 431 2005 Mihi
451 1963 542 2006 sane
555 1962 722 2017 suspicio
733 1962 890 2020 jamdiu
906 1963 1089 2004 animum
1110 1963 1268 2014 insedit,

269 2034 412 2064 omnes
446 2020 538 2062 illos
570 2019 694 2061 libros
729 2020 978 2075 antiquiores
1007 2020 1079 2075 qui
1114 2019 1270 2062 nullam

269 2075 535 2133 typographi}
557 2077 749 2132 temporis
772 2086 814 2118 et
831 2077 929 2126 loci,
958 2087 1100 2119 notam
1127 2091 1210 2132 prae
1229 2078 1269 2119 se

269 2134 421 2184 ferunt,
450 2135 494 2176 in
528 2131 610 2175 fine
644 2133 809 2175 mutilos
840 2132 946 2183 effe3
986 2148 1082 2175 cum
1111 2134 1268 2176 videam

272 2200 335 2234 tot
351 2189 480 2242 libris,
509 2190 560 2232 ab
580 2189 669 2244 ipsis
700 2191 975 2247 typographiae
996 2190 1269 2242 incunabulis,

272 2247 431 2300 indicia
457 2246 553 2290 talia
581 2248 658 2288 rite
687 2247 863 2303 apposita
881 2264 893 2288 a
935 2261 1012 2289 nec
1038 2247 1140 2304 fingi
1159 2249 1273 2302 posfit

192 2304 199 2314 ⁸
270 2305 375 2346 ratio
388 2303 539 2360 aliqua,
553 2318 625 2346 cur
640 2305 929 2369 typographuS,
949 2305 1137 2360 profanos
1152 2305 1273 2359 scrip-

271 2370 380 2404 tores
399 2361 538 2411 edens,
567 2361 708 2402 eadem
730 2361 971 2415 supprimere
990 2370 1032 2402 et
1051 2361 1180 2403 celare
1200 2376 1274 2403 vo-

271 2417 407 2460 luerit.
457 2417 661 2472 Qinimo
687 2431 785 2459 cum
813 2427 854 2460 et
880 2432 942 2460 ars
972 2417 1052 2472 ipsa
1083 2427 1199 2460 tanto
1233 2419 1277 2460 in

275 2474 431 2522 honore
454 2474 564 2524 ess'et,
593 2484 634 2516 et
654 2473 827 2515 artifices
847 2489 933 2516 non
953 2475 1077 2516 modo
1100 2475 1276 2527 lucrum,

192 2574 203 2583 ,
272 2531 336 2572 sed
357 2541 398 2573 et
425 2531 599 2588 gloriam
624 2541 862 2585 captarent3
895 2530 1004 2573 haud
1024 2532 1142 2574 facile
1156 2532 1278 2574 indu-

274 2602 346 2631 cor
375 2599 420 2630 ut
449 2588 628 2638 credam,
659 2602 729 2629 eos
761 2602 846 2630 non
872 2598 1074 2644 quantum
1105 2589 1155 2631 ab
1187 2588 1278 2644 ipsis

273 2655 377 2697 erat,
407 2655 448 2687 et
476 2660 500 2686 a
528 2659 628 2701 quo,
658 2655 700 2686 et
727 2645 910 2701 quand0‚
946 2655 987 2687 et
1018 2645 1087 2686 ubi
1122 2646 1275 2701 quaevis

275 2701 400 2744 editio
421 2702 734 2757 imprimeretur,
764 2702 955 2744 omnibus
981 2710 1127 2744 notum
1147 2703 1277 2745 facere

278 2757 478 2800 studuisse.
530 2757 606 2800 Sed
631 2757 660 2800 fi
690 2769 848 2800 certum
868 2758 925 2800 est
943 2769 1081 2800 extare
1099 2760 1278 2815 aliquam

278 2815 436 2870 profani
477 2814 676 2870 scriptoris
712 2815 933 2857 editionem
964 2814 1176 2867 Graecam,
1211 2817 1279 2859 cui

279 2873 552 2928 typographus
575 2886 653 2914 nec
683 2886 834 2914 nomen
869 2873 1001 2923 suurn,
1030 2887 1109 2914 nec
1141 2873 1279 2915 locum

280 2930 368 2978 ubi,
399 2942 475 2970 nec
507 2943 660 2971 annum
711 2929 862 2980 uando,
891 2929 1035 2971 excusa
1062 2929 1134 2980 est,
1163 2931 1280 2972 affix-

281 2987 356 3027 erit
371 3003 383 3035 3
416 2984 524 3027 ultro
548 3000 676 3039 conce
708 2986 808 3029 erim
828 3001 961 3028 meam
991 3001 1155 3043 quoque
1175 2988 1280 3029 hanc

283 3042 502 3091 Theocriti
533 3052 575 3084 et
605 3041 768 3084 Hesiodi
797 3044 1017 3084 editionem
1042 3043 1124 3085 sine
1154 3044 1202 3086 iis
1235 3059 1280 3085 e-

285 3100 384 3142 tiam
405 3099 447 3140 in
473 3098 608 3141 lucem
638 3099 834 3154 propalari
865 3098 1044 3153 potuisse.
1090 3099 1190 3142 Mos
1210 3101 1282 3151 est,

283 3155 393 3211 quod
408 3157 494 3213 jam
514 3156 630 3211 attigi
650 3156 840 3209 superius,
856 3156 1125 3213 Typographi
1144 3156 1285 3208 nostri,

228 3218 236 3226 '
285 3224 331 3253 ut
350 3211 540 3268 Idyllium
562 3227 714 3254 novum
735 3213 900 3254 inchoet
922 3215 964 3255 in
982 3215 1121 3257 eadem
1142 3215 1291 3270 pagina

287 3269 355 3311 ubi
382 3269 612 3323 praecedens
632 3269 789 3322 definit,
819 3268 846 3311 si
867 3270 926 3313 vel
949 3282 1123 3326 quatuor
1141 3273 1290 3314 carmi-

2254 326 2323 390 lxi

1326 423 1447 468 nibus
1484 424 1597 468 locus
1631 425 1792 470 relictus
1829 427 1875 470 sit
1888 444 1903 479 3
1946 426 2150 484 quinimo,
2222 439 2322 467 uum

1326 481 1459 538 quinti
1474 482 1607 539 Idyllii
1627 482 1718 525 finis
1738 486 1779 526 in
1800 486 1881 526 ima
1900 485 2045 540 pagina
2065 483 2173 534 effet,
2190 440 2321 524 §litu-

1326 538 1414 581 lum
1447 548 1585 581 tamen
1619 539 1717 582 sexti
1751 541 1794 582 in
1833 543 1973 583 eadem
2007 541 2207 590 exhibuit,
2250 538 2322 581 etsi

1326 593 1518 652 Idyllium
1538 596 1664 651 ipsum
1692 596 1851 639 nonnisi
1881 599 2027 654 pagina
2046 597 2225 653 sequenti
2258 596 2324 636 in-

1327 653 1498 694 choetur
1516 667 1526 691 :
1557 654 1700 695 maluit
1719 654 1910 696 nimirum
1930 654 2125 695 'situlum
2146 655 2196 695 ab
2213 651 2324 708 Idy}-

1326 708 1386 751 lio
1402 708 1605 761 divellere,
1619 724 1742 766 quam
1761 710 1963 752 tantillum
1980 712 2130 752 chartae
2151 723 2325 752 vacuum

1327 764 1569 822 relinquere.
1617 767 1785 808 Nomen
1806 767 1918 810 suum
1950 779 1990 810 et
2014 768 2151 809 locum
2186 778 2227 809 et
2250 780 2326 808 an-

1329 836 1430 865 num
1449 824 1568 881 hujus
1589 824 1776 866 editionis
1797 826 1991 881 nusquam
2011 825 2217 880 apposuir3
2254 838 2326 877 ap·
2362 827 2367 831 “

1327 879 1491 935 posuiss'e
1520 880 1629 923 dicas
1668 882 1710 923 in
1739 897 1789 922 eo
1818 882 1914 923 folio
1947 884 2057 937 quod
2095 881 2195 923 olim
2229 880 2329 922 ulti-

1328 951 1444 979 mum
1475 937 1568 989 fuit,
1598 953 1708 980 nunc
1727 953 1822 981 vero
1840 937 1975 980 deest:
2014 939 2075 980 scd
2105 952 2179 980 cur
2213 938 2327 993 pagi-

1330 1008 1427 1036 nam
1446 994 1663 1051 integram,
1693 1004 1734 1037 et
1764 995 1972 1051 plusquam
1992 995 2199 1037 dimidiam
2227 995 2327 1036 alte-

1331 1051 1430 1102 rius,
1458 1066 1628 1094 vacuam
1659 1051 1881 1109 reliquerit,
1911 1051 2018 1094 haud
2050 1052 2236 1108 equidem
2268 1052 2329 1093 vi-

1332 1108 1426 1150 deo.

1391 1166 1530 1221 Atque
1557 1165 1654 1208 hinc
1680 1166 1832 1223 colligo
1860 1166 1960 1208 nihil
1982 1165 2160 1217 Hesiodi,
2189 1173 2331 1220 praeter

1335 1220 1462 1279 Opera
1481 1232 1516 1264 et
1535 1222 1650 1274 Dies,
1681 1224 1731 1266 ab
1751 1239 1801 1266 eo
1819 1238 1915 1265 cum
1941 1223 2168 1265 oetodecim
2183 1223 2331 1264 Theo-

1336 1280 1428 1322 criti
1446 1279 1600 1338 Idylliis
1620 1280 1774 1322 editum
1801 1280 1903 1330 effe3
1934 1280 2126 1337 fiquidem
2148 1281 2331 1330 Dierum,

1337 1337 1381 1379 in
1400 1337 1547 1393 quibus
1574 1337 1663 1380 haec
1682 1337 1808 1380 editio
1826 1337 1982 1387 definit,
2012 1338 2153 1379 decem
2173 1348 2333 1378 tantum

1337 1393 1471 1436 ultimi
1499 1393 1630 1437 versus
1650 1395 1827 1451 paginae,
1856 1411 1948 1451 quae
1969 1409 2080 1437 nunc
2111 1395 2335 1449 penultima

1338 1450 1412 1502 est,
1431 1451 1566 1493 insunt
1578 1469 1592 1501 3
1622 1451 1776 1508 reliqua
1795 1462 1930 1494 autem
1950 1453 2113 1508 pagina,
2132 1467 2226 1507 quae
2246 1465 2335 1493 ver-

1340 1509 1455 1549 suum
1475 1508 1608 1550 adhuc
1626 1508 1772 1564 viginti
1789 1523 1917 1562 capax
1933 1509 2005 1559 est,
2034 1520 2074 1550 et
2095 1509 2250 1564 integra
2271 1508 2337 1548 in-

1341 1566 1454 1620 super
1482 1566 1629 1622 pagina
1660 1566 1914 1622 subsequens‚
1945 1567 2098 1620 prorsus
2119 1580 2245 1606 vacua
2272 1578 2338 1605 re·

1341 1622 1437 1664 licta
1455 1622 1538 1664 est:
1573 1622 1683 1679 quod
1703 1622 1778 1664 ess'e
1796 1634 1939 1665 contra
1957 1622 2225 1679 Typographi
2244 1621 2338 1662 nos-

1342 1680 1394 1721 tri
1425 1694 1598 1730 morem,
1637 1694 1735 1721 cum
1770 1680 1945 1736 ejusdem
1980 1679 2154 1722 auctoris
2185 1678 2339 1734 aliquid
2366 1703 2369 1705 ,

1341 1736 1656 1790 imprimendum
1674 1736 1850 1787 restaret,
1879 1752 1904 1778 a
1922 1737 2153 1792 supradiEtis
2179 1734 2341 1777 abunde

1342 1802 1479 1847 patet3
1509 1794 1594 1835 imo
1608 1807 1719 1843 vero,
1748 1793 1777 1835 si
1796 1794 1957 1836 alterius
1977 1794 2144 1851 alicujus
2175 1793 2342 1847 scripto-

1342 1850 1395 1890 ris
1414 1864 1515 1905 opus
1546 1850 1709 1905 aliquod
1734 1850 2048 1905 imprimendum
2080 1849 2225 1900 fuiss'et,
2254 1850 2341 1903 spa-

1343 1906 1448 1948 tium
1477 1918 1562 1948 tam
1589 1908 1768 1948 immane
1787 1922 1872 1949 non
1892 1907 2026 1949 hercle
2045 1922 2218 1949 vacuum
2246 1905 2345 1947 reli-

1342 1962 1486 2019 quisset
1503 1981 1516 2014 3
1547 1977 1652 2005 nam·
1671 1964 1721 2005 ad
1741 1963 1957 2006 Theocriti
1976 1963 2118 2015 finem,
2146 1963 2343 2019 reliquam

1372 2021 1502 2076 aginae
1523 2031 1676 2075 partem
1697 2021 1895 2064 duntaxat
1914 2036 2084 2063 vacuam
2105 2021 2282 2077 reliquit,
2303 2031 2345 2062 et

1344 2035 1510 2119 ι1)·ἶεῖιοἀί
1540 2077 1667 2133 Opera
1702 2088 1739 2119 et
1767 2078 1867 2120 Dies
1897 2078 2044 2134 pagina
2074 2079 2257 2133 proxime
2285 2079 2344 2118 se-

1343 2135 1483 2190 quenti
1503 2134 1724 2180 inchoavit.
1745 2135 1903 2177 Verum
1920 2136 2010 2177 sane
2024 2135 2080 2176 est
2100 2146 2240 2177 notam
2259 2149 2346 2178 non

1345 2191 1563 2249 appositam
1598 2192 1641 2233 in
1679 2191 1760 2233 fine
1792 2192 1977 2243 Dierum,
2021 2208 2114 2249 quae
2147 2191 2347 2248 significet

1347 2247 1508 2289 Hesiodi
1526 2263 1619 2290 eum
1640 2248 1716 2290 ess'e
1731 2248 1878 2299 finem3
1901 2259 2020 2303 prout
2037 2249 2188 2291 faetum
2205 2250 2248 2290 in
2262 2248 2346 2291 fine

1347 2304 1567 2347 Theocriti
1603 2306 1689 2362 jam
1721 2305 1920 2347 vidimus:
1964 2306 2026 2346 sed
2060 2307 2137 2347 hoc
2172 2321 2255 2347 non
2288 2305 2347 2347 est

1349 2362 1452 2402 tanti
1474 2372 1518 2403 ut
1543 2373 1698 2403 mutem
1728 2362 1967 2404 sententiam
1987 2376 2117 2404 meam
2135 2381 2147 2413 3
2189 2373 2345 2416 poterat

1349 2419 1459 2459 enim
1476 2418 1565 2459 talis
1585 2419 1739 2460 omiffio
1750 2419 1812 2461 vel
1829 2434 1879 2461 ex
1898 2420 2051 2462 incuria
2065 2420 2126 2462 vel
2141 2419 2349 2461 oblivione

1348 2474 1588 2529 profluxisse.

1406 2531 1568 2588 Nequis
1588 2541 1722 2574 autem
1744 2533 1814 2589 qui
1847 2547 1979 2575 meam
2012 2533 2231 2574 editionem
2260 2546 2347 2575 non

1348 2588 1464 2639 vidit,
1481 2589 1696 2644 suspicetur
1715 2590 1819 2632 inter
1832 2590 2106 2632 Theocritum
2123 2602 2163 2632 et
2183 2590 2347 2632 Hesiodi

1350 2643 1479 2699 Opera
1508 2654 1544 2686 et
1562 2645 1662 2687 Dies
1679 2647 1778 2688 olim
1799 2649 1900 2688 forte
1919 2646 2166 2689 intercess‘iss'e
2185 2647 2347 2688 alteriue

1350 2701 1593 2756 Yheogoniam
1622 2714 1663 2744 et
1682 2702 1833 2744 Scutum
1854 2703 2048 2754 Herculis,
2080 2718 2130 2744 ex
2161 2718 2212 2744 eo
2237 2702 2348 2760 quod

1353 2757 1393 2799 in
1415 2758 1566 2800 Aldina
1585 2760 1762 2801 editione
1780 2771 1965 2814 poemata
1986 2762 2052 2801 illa
2082 2761 2256 2813 primum
2284 2759 2348 2801 lo-

1351 2830 1446 2856 cum
1468 2816 1696 2867 obtineant,
1730 2827 1771 2858 et
1798 2818 1906 2872 quod
1936 2818 2125 2859 mutilum
2161 2816 2236 2858 effe
2263 2817 2348 2859 dixi
2383 2844 2385 2846 -

1353 2886 1490 2913 meum
1526 2871 1745 2928 Exemplar
1777 2873 1820 2914 in
1855 2875 2053 2928 principio
2087 2883 2128 2915 et
2162 2873 2258 2924 fine,
2303 2884 2352 2916 ut

1352 2929 1558 2980 ideqnihil
1577 2931 1723 2972 mirum
1739 2929 1785 2972 sit
1804 2929 1832 2971 si
1845 2931 1887 2972 in
1905 2931 2038 2972 medio
2056 2929 2102 2972 sit
2121 2931 2243 2972 etiam
2259 2946 2352 2972 mu-

1354 2986 1500 3036 tilum3
1532 3002 1659 3042 pauca
1679 2988 1903 3038 subtexam,
1925 3003 2016 3043 quae
2044 2988 2087 3028 in
2108 2989 2241 3028 medio
2261 2988 2350 3029 Ex-

1311 3092 1314 3095 ·
1354 3044 1507 3097 emplar
1525 3046 1604 3085 hoc
1634 3045 1813 3086 nostrum
1832 3059 2088 3100 nequaquam
2118 3043 2195 3085 effe
2227 3046 2351 3086 muti-

1354 3100 1458 3150 lum,
1488 3102 1643 3155 prorsus
1662 3102 1867 3144 evincent.
1918 3100 1993 3142 Sed
2015 3102 2053 3142 id
2075 3102 2182 3155 prius
2203 3112 2352 3142 notan-

1356 3158 1453 3198 dum
1474 3171 1484 3197 ε
1521 3158 1642 3208 male,
1672 3173 1723 3199 ex
1755 3172 1805 3198 eo
1824 3157 1934 3214 quod
1953 3158 2037 3199 dixi
2071 3158 2110 3198 in
2131 3158 2352 3210 exemplari

1357 3228 1451 3256 meo
1466 3213 1591 3255 deess'e
1607 3214 1749 3256 folium
1766 3229 1894 3257 unum
1915 3215 1956 3255 in
1978 3215 2176 3269 principio
2195 3224 2235 3255 et
2256 3216 2353 3255 item

1359 3270 1530 3313 alterum
1559 3272 1602 3314 in
1637 3271 1734 3324 fine,
1764 3272 1918 3329 colligi,
1949 3271 2006 3313 nil
2039 3271 2184 3313 mirum
2206 3270 2297 3320 ess'e,
2325 3270 2352 3311 si

1483 3342 1510 3382 q
2202 3328 2355 3384 integra
