2852 4004
955 229 1293 296 NOTAE
1405 242 1533 300 XV.
1571 263 1625 318 4.
1668 268 1722 322 9.
2296 278 2399 336 193

303 342 382 398 Ita
405 352 456 397 et
477 354 600 397 κλεα,
634 339 808 428 avellerer,
847 341 966 396 ibid.
1005 360 1053 397 v.
1074 360 1194 416 520.
1257 344 1392 418 Qae
1428 349 1591 403 nescio
1632 369 1802 408 annon
1835 353 2091 414 familiaris
2123 362 2256 434 apud
2281 364 2400 418 Ho-

302 434 509 471 merum
537 416 761 471 verficuh
784 416 1026 471 clausura.
1083 419 1289 473 Mirum
1314 420 1387 473 est
1422 436 1479 477 ut
1503 436 1663 496 poetae
1689 428 1978 499 posteriores
2005 435 2081 487 vel
2106 435 2206 508 ipsa
2230 441 2396 501 verba,

300 491 702 640 ἷὲῑγιῖγὶῑίωῐιέφ,
755 490 1156 546 Homericorum
1197 493 1571 562 verficulorum,
1620 500 1809 555 soleant
1858 508 2148 578 exprimere.
2211 512 2399 567 Noster

525 653 774 734 Εςχορᾷυοιν
800 673 951 708 mevam
974 674 1065 708 ava.
1089 653 1130 708 τ’
1141 677 1270 723 nefa«,
1307 680 1387 724 και]
1409 672 1559 731 μελειν
1579 661 1724 735 αἱμα.

297 754 426 809 Vult
460 755 548 841 ibi,
585 769 642 810 ut
667 757 779 829 jam
812 755 1033 843 yidimus
1070 757 1133 810 ad
1166 756 1358 822 locum,
1402 762 1484 816 Cl.
1503 762 1883 830 Valckenariu8‚
1924 767 2045 840 εἷμαι,
2071 771 2392 843 stpulchrum.

298 829 398 883 Sed
430 841 580 884 totius
605 831 828 885 versiculi
851 848 1127 904 compages
1157 844 1206 884 et
1230 834 1368 887 color
1392 835 1645 908 effingitur
1668 857 1733 892 ex
1757 839 1856 895 hoc
1883 842 2122 911 Homeri,
2159 848 2301 902 Iliad.
2327 850 2396 902 X.

298 903 424 977 298.
478 905 595 961 ‚Ubi
621 906 900 959 Diomedes
925 917 976 958 et
1001 904 1199 978 Ulyffes
1227 910 1382 961 nodtu
1409 909 1671 976 incedunt,

518 1023 580 1063 Αν
605 1017 739 1079 φονον,
774 1028 830 1061 σιν
858 1028 1022 1068 vesevus,
1059 1016 1155 1077 Ἀρι
1182 1008 1372 1069 τέντεοι,
1411 1033 1493 1077 και]
1515 1026 1669 1085 μελῶν
1690 1015 1832 1087 αἷμα..

293 1107 491 1164 Ibidem
517 1128 739 1183 quoque,
777 1127 823 1162 v.
841 1110 970 1180 496.
1033 1109 1117 1162 De
1140 1109 1331 1168 iisdem.

517 1226 592 1265 Τω
618 1206 663 1264 A}
688 1210 846 1274 βωτίω
871 1206 1052 1284 πόῖερω
1075 1219 1171 1279 Ἄζρι
1197 1212 1240 1264 τ’
1251 1234 1388 1276 evi-eoo,
1414 1238 1503 1283 xoq
1525 1230 1677 1291 pamm
1701 1218 1839 1290 αἷμα.

294 1313 532 1387 Cyclops„
570 1313 719 1386 Idyll.
745 1310 844 1364 III.
875 1326 964 1380 24.

522 1429 564 1467 Ω
587 1438 662 1486 μοι
691 1437 796 1485 εγω,
820 1438 862 1468 τι
889 1409 1073 1471 πειθωὸ

290 1514 507 1589 Ulyffes,
546 1516 689 1569 Iliad.
714 1516 810 1570 XI.
837 1534 968 1590 404.

518 1633 561 1673 Ω
585 1642 660 1690 μοι
685 1641 791 1690 εγω,
818 1643 860 1673 τι
886 1620 1069 1684 maffia

361 1721 431 1805 V..
451 1735 523 1792 4.
544 1737 704 1794 Αμμες
729 1717 773 1775 δῖ
805 1720 947 1800 βροτω
985 1718 1081 1783 bade,
1113 1719 1261 1796 βρὲἷες
1295 1721 1431 1800 Egone
1458 1716 1712 1796 ειειὸωμῖυ]
1767 1724 1843 1776 Ita
1882 1722 2001 1795 legit
2041 1743 2098 1779 ac
2136 1727 2390 1805 distinguit

287 1795 525 1871 Scaliger,
564 1796 839 1850 Emendat.
882 1816 996 1870 pag.
1019 1815 1147 1870 234.

512 1910 674 1969 Αμμες
698 1891 743 1949 δε
766 1895 920 1971 βροτω·
960 1897 993 1950 δι
1019 1893 1063 1951 A}
1086 1898 1228 1973 βροτω
1254 1896 1411 1974 figor-85
1435 1893 1666 1969 οιειὸωμες.

284 2000 474 2055 Aldina
497 2011 546 2052 et
573 1998 618 2052 F
620 1999 880 2063 lorentina,
907 2017 1027 2053 cum
1057 1998 1332 2053 Codicibus
1356 1998 1631 2061 nonnulliS‚
1659 1998 1846 2052 habent
1871 1994 2065 2054 ἀειὸοντι.
2113 2003 2388 2079 Calliergus

284 2087 335 2129 et
360 2073 657 2147 StephanuS,
699 2085 753 2127 ut
787 2073 967 2127 nostra.
1038 2073 1253 2128 Peffime
1282 2071 1474 2127 habent
1501 2073 1711 2137 Veneta,
1756 2093 1909 2147 1539.
1945 2089 1995 2127 et
2025 2077 2384 2148 Brubachiana,

231 2174 234 2177 ·
292 2149 452 2224 1558.
494 2143 706 2220 αειὸομεν.
769 2150 1007 2220 Qarum
1038 2160 1209 2202 tamen
1249 2147 1484 2221 suprema
1521 2147 1663 2201 affert
1699 2148 2070 2201 distinctionem
2101 2151 2385 2225 Scaligeria-

281 2242 417 2281 nam.
469 2223 643 2277 Velim
668 2221 752 2276 hic
776 2222 970 2276 sensum
993 2223 1384 2295 subjunetivum.
1442 2231 1478 2255 “
1500 2221 1666 2276 Musae
1691 2222 1899 2295 quidem
1930 2225 2052 2276 Deae
2077 2225 2220 2290 sunt3
2260 2230 2385 2284 Deae

285 2300 431 2352 Deos
471 2310 622 2352 cantu
663 2296 918 2352 celebrant.
986 2298 1102 2352 Nos
1130 2316 1248 2351 vero
1273 2296 1521 2350 Mortales
1561 2295 1767 2350 sumus:
1819 2298 2076 2351 Homines
2114 2300 2385 2357 celebremus

281 2373 572 2427 Mortales.''
634 2372 731 2425 Vel
755 2372 808 2424 in
834 2385 1047 2444 utroque
1074 2373 1205 2436 lom,
1244 2389 1367 2424 cum
1392 2370 1620 2432 Reiskio,
1658 2370 1827 2424 suffice
1854 2370 2236 2442 subjunffivum.

358 2447 429 2503 V.
455 2465 501 2519 5.
541 2461 620 2504 Τις
642 2469 751 2525 γαρ,
783 2448 908 2520 δια]
952 2449 1014 2501 In
1047 2446 1126 2499 his
1164 2458 1295 2499 certe
1334 2445 1549 2498 rationes
1580 2445 1687 2497 suas
1713 2445 1886 2498 evertit
1919 2459 2095 2517 poeta3
2134 2468 2227 2502 nec
2266 2463 2383 2525 apte

282 2521 538 2576 cohaerent
561 2539 684 2576 cum
707 2521 972 2594 prioribus.
1034 2521 1167 2574 Illud
1193 2544 1274 2594 :usp
1301 2520 1474 2574 officit.
1538 2521 1708 2591 Qre
1732 2521 1972 2592 legerem,

507 2640 586 2682 Τις
622 2626 676 2677 Δ’
693 2637 802 2677 APA
831 2645 914 2676 των
941 2622 1075 2675 o‘move.

282 2730 360 2783 Ita
401 2727 542 2780 locus
581 2737 839 2796 utcunque
878 2726 1214 2777 connectetur.
1248 2734 1380 2767 —-“
1398 2725 1468 2776 Et
1508 2721 1742 2774 homines
1786 2721 2091 2774 celebremus
2130 2721 2378 2778 homines.

284 2805 415 2856 Bene
438 2812 484 2854 et
507 2803 632 2853 reite
654 2798 777 2851 illud
807 2798 1007 2871 quidem.
1076 2799 1173 2853 Sed
1199 2797 1319 2871 quid
1350 2795 1546 2869 refert?
1611 2796 1712 2847 Pro
1738 2795 1973 2847 carminis
1999 2810 2203 2869 accepto
2228 2798 2379 2850 bene-

283 2875 420 2938 ficio,
458 2876 572 2948 quis
599 2874 874 2927 hominum
900 2873 1167 2946 praemium
1193 2874 1420 2924 debitum
1447 2887 1673 2941 unquam
1700 2871 1934 2940 rependet
1950 2871 1999 2921 ?''

324 2945 328 2950 ’
357 2951 427 3004 V.
449 2951 500 3004 6.
535 2944 755 3025 Ἢμέἰεξοις
778 2969 1008 3014 χοιρτοις.
1026 2949 1124 3020 -]
1166 2947 1391 3016 Intellige
1417 2945 1577 2997 studia
1601 2944 1679 2995 vel
1705 2943 1944 2995 Carmina
1968 2942 2146 2996 nostra.
2204 2943 2375 2996 Bellis-

284 3024 408 3076 fima
445 3024 653 3096 quidem
694 3020 1081 3093 perionificati03
1128 3040 1284 3092 quam
1318 3021 1518 3072 summa
1555 3036 1676 3071 cum
1720 3017 2015 3089 proprietate
2052 3030 2101 3069 et
2137 3019 2375 3090 elegantia

281 3111 428 3171 poeta
451 3096 759 3170 longiuscule
785 3095 1110 3167 persequitur,
1150 3095 1467 3164 numerisque
1492 3093 1588 3144 suis
1614 3092 1849 3144 omnibus
1878 3092 2071 3162 implet.

359 3173 426 3224 V.
448 3170 792 3243 9.-Αλιθιην
833 3165 917 3222 ὁδον
955 3171 1102 3242 worn]
1152 3171 1334 3231 Aldus,
1373 3167 1549 3238 infigni
1586 3166 1867 3227 variatione,
1914 3167 1994 3216 sed
2031 3183 2094 3216 ex
2136 3164 2374 3238 scriptura

279 3246 478 3299 Codicis
503 3248 565 3299 C.
593 3244 857 3298 Ottoboni.

821 3349 1025 3396 Αλητειην
1049 3331 1169 3394 ηνῖῦν·

280 3432 478 3486 Omiffo
505 3428 604 3486 ὁδον.
669 3432 826 3505 Qod
861 3445 910 3484 et
935 3429 1067 3483 deest
1108 3426 1410 3501 quibusdam
1435 3425 1818 3479 vaticanorum.
1886 3420 2090 3474 Mavult
2119 3419 2369 3551 ReislffliuS,

2168 3508 2367 3555 Αληεισς,
