2852 4004
801 307 1823 375 PRAEFATIO.
2267 335 2349 380 xv

274 446 493 490 verum
528 418 735 505 fatear,
785 426 1333 513 grammaticorum
1376 422 1560 488 libros
1604 445 1729 487 non
1773 448 1998 512 paucos
2033 429 2142 515 qui
2177 450 2346 492 nunc

278 516 757 594 interciderunt3
819 532 881 580 et
924 517 1145 580 exinde
1194 517 1342 604 saepe
1389 512 1734 602 fragmenta
1781 515 2110 604 depromit,
2163 517 2347 583 hodie

278 630 407 672 non
445 609 589 672 alibi
623 609 991 696 reperienda.
1067 609 1350 683 Meliores
1395 623 1557 669 certe
1587 624 1907 693 poetarum
1941 610 2208 674 versabat
2237 635 2348 675 co-

279 698 463 777 diceS,
515 700 681 763 unde
719 700 1005 765 lectiones
1048 698 1247 764 affert
1261 723 1411 787 quas
1459 723 1567 761 nos
1608 700 1856 786 ingenio
1893 718 1954 764 et
2001 701 2349 790 conjectura

274 814 496 878 parum
529 791 817 880 consequi
842 791 1257 880 potuissemus·
1311 791 1707 878 Antiquiores
1736 789 2057 856 Eustathio
2084 795 2347 860 Stobaeus

276 898 339 945 et
374 883 815 971 Etymologus¹
862 887 1162 973 MagnuS.
1230 883 1330 947 sed
1386 899 1527 946 ante
1575 906 1791 945 eorum
1834 886 2021 948 etiam
2069 902 2348 973 tempora

277 971 608 1042 Christiani
649 974 948 1054 homineS,
1003 978 1166 1061 bono
1191 974 1365 1039 forte
1409 972 1687 1051 confilio,
1751 973 2047 1061 plurimos
2086 975 2346 1065 insignes

273 1084 482 1154 poetas
517 1070 778 1146 Graecos,
831 1091 986 1154 quos
1030 1092 1156 1131 non
1207 1069 1448 1173 penitus
1486 1090 1518 1128 e
1566 1065 1774 1130 medio
1820 1065 2196 1149 sustulerant,
2246 1094 2348 1134 eos

194 1151 198 1157 ’
274 1176 759 1282 amputaverant,
790 1159 1194 1237 exsecuerant,
1218 1163 1672 1236 innovaverant,
1707 1156 1919 1221 aliasve
1951 1160 2111 1225 male
2146 1162 2346 1226 mulc-

269 1260 603 1324 taverant²
688 1251 943 1339 Nequid
999 1251 1204 1316 dicam
1254 1251 1331 1315 de
1376 1252 1666 1338 temporis
1718 1246 1901 1336 ipsius
1953 1252 2190 1340 injuria,
2248 1278 2346 1317 re-

276 1365 544 1430 rumque
579 1342 707 1406 fato
743 1347 1084 1407 communi.

359 1434 671 1512 Excusum
696 1432 1040 1499 fideliffime
1065 1439 1345 1500 Textum
1372 1450 1561 1522 poetae
1586 1398 1771 1499 nostri
1794 1436 2033 1525 prodire
2058 1436 2342 1524 spondeo.

270 1528 360 1589 Ut
404 1528 489 1605 ita
523 1525 916 1614 potissi'mum
966 1523 1159 1605 fieret,
1213 1551 1464 1592 mecum
1509 1525 1674 1614 praeli
1711 1553 1923 1592 curam
1969 1528 2347 1594 molestiam-

271 1641 396 1706 que
426 1618 662 1684 affiduo
685 1619 901 1697 subire,
926 1619 1281 1708 mendisque
1306 1619 1758 1725 typographicis
1787 1621 2123 1684 eximendis
2151 1624 2346 1686 acrius

273 1711 610 1799 invigilare,
646 1736 771 1775 non
798 1713 1160 1799 dedignatus
1190 1712 1293 1790 est,
1333 1714 1565 1775 amicus
1595 1716 1889 1816 egregiuS,
1927 1736 2342 1789 BENJAMINUS

273 1828 610 1882 WHEELER,
639 1804 804 1891 apud
826 1804 1198 1868 Oxonienses
1226 1803 1357 1868 suos
1381 1827 1506 1867 non
1533 1806 1713 1867 unius
1739 1804 2071 1891 professoris
2096 1807 2348 1869 nomine

267 1899 492 1961 merito
538 1900 897 1967 exornatus:
965 1896 1207 1984 dignior
1255 1896 1388 1960 sane
1432 1898 1545 1983 qui
1590 1895 1791 1983 ipsum
1839 1902 2170 1975 auctorem,
2224 1922 2350 1984 qua
2404 1925 2407 1931 ·

272 1989 558 2077 praeditus
593 1987 678 2052 est
713 1986 934 2077 insigni
967 1989 1189 2052 harum
1222 1989 1537 2052 literarum
1569 1987 1835 2067 scientia,
1878 1990 2079 2075 potius
2110 1989 2348 2077 expoli-

269 2080 458 2160 viffet,
509 2103 886 2169 omnemque
917 2080 1096 2169 hujus
1126 2084 1321 2170 operis
1354 2083 1419 2145 in
1450 2081 1506 2143 se
1538 2083 1834 2144 rationem
1870 2081 2225 2169 suscepiffet.

369 2178 440 2238 In
478 2176 659 2236 Notis
692 2198 826 2261 quae
862 2174 1263 2262 subjiciuntur
1299 2173 1444 2237 huic
1473 2173 1748 2250 editioni,
1784 2173 2053 2261 quasque
2087 2176 2150 2236 in
2182 2191 2349 2238 tran-

272 2263 405 2330 fitu⁴
429 2268 785 2343 memoravi,
825 2265 870 2329 fi
895 2290 1051 2330 nova
1084 2265 1318 2355 prorsus
1345 2264 1515 2328 nulla
1546 2264 1621 2327 de
1653 2289 1793 2328 meo
1832 2265 2112 2352 priusque
2142 2268 2351 2352 ignota

271 2359 337 2422 in
372 2357 654 2422 medium
693 2357 942 2446 protuli,
993 2358 1164 2445 quod
1207 2358 1414 2421 dicant
1459 2356 1598 2434 alii3
1651 2357 1918 2444 congeffi
1953 2376 2156 2420 tamen
2189 2358 2349 2446 diju-

272 2449 595 2537 dicavique
628 2449 931 2538 quicquid
980 2450 1126 2514 boni
1173 2449 1399 2514 habent
1431 2449 1597 2512 docti
1630 2449 1760 2526 viri,
1797 2451 1904 2537 qui
1939 2450 2014 2512 ad
2049 2449 2216 2534 hunc
2252 2449 2350 2513 us-

177 2573 186 2585 =
275 2566 398 2630 que
430 2542 601 2606 diem
636 2543 853 2630 scripta
883 2542 1208 2607 ediderunt
1241 2544 1305 2605 in
1331 2541 1740 2607 Theocritum
1768 2569 1783 2604 :
1837 2544 2108 2604 maxime
2140 2558 2350 2606 tamen

269 2658 410 2722 quae
446 2637 788 2698 commenti
820 2635 959 2698 sunt
991 2634 1221 2698 Isaacus
1254 2632 1647 2697 Casaubonus
1684 2649 1745 2695 et
1781 2634 2000 2696 Daniel
2035 2633 2345 2712 HeinsiuS,

266 2750 542 2815 quorum
570 2744 782 2790 extant
814 2728 880 2790 in
904 2726 1074 2791 hunc
1103 2744 1352 2815 poetam
1382 2729 1698 2789 Lectiones
1721 2733 1737 2764 ³
1774 2725 2114 2789 eruditione
2140 2725 2348 2813 plenae.

327 2903 343 2930 1
377 2891 513 2931 Stobaei
542 2901 627 2931 aetas
655 2893 804 2932 incerta.
859 2893 931 2931 Sed
957 2902 1054 2931 certe
1079 2892 1170 2930 vixit
1199 2904 1272 2930 non

266 2945 378 2992 longe
398 2945 444 2984 ab
466 2946 514 2984 A.
530 2946 582 2984 D.
607 2946 699 2984 600.
735 2947 980 2997 Etymologus
1000 2947 1159 2993 Magnus
1179 2946 1274 2985 forte

266 3000 450 3052 antiquior
470 3002 522 3040 A.
540 3000 593 3039 D.
620 3011 733 3039 1000.

335 3067 357 3092 2
385 3053 521 3092 Dicam
542 3064 593 3102 *et
624 3053 762 3093 faedum
795 3054 934 3092 facinus
962 3054 1190 3092 librariorum
1223 3053 1276 3091 se-

267 3108 466 3158 quentibus
491 3109 641 3154 saeculis,
672 3107 768 3146 unde
800 3109 919 3158 plures
947 3108 1116 3148 authores
1136 3117 1276 3146 veteres

268 3160 410 3206 Graeci,
440 3161 499 3200 vel
519 3163 661 3212 penitus
683 3162 848 3205 extinfti,
879 3162 935 3200 vel
956 3161 1167 3210 pessundati.
1214 3161 1294 3198 Ne'

268 3227 385 3253 novas
405 3216 634 3256 membranas
653 3226 830 3262 emerent,
850 3226 910 3253 aut
926 3215 988 3253 fibi
1007 3224 1273 3264 comparerent,

263 3268 462 3308 tradebant
489 3269 579 3319 saepe
599 3283 618 3308 e
646 3268 835 3306 codicibus
864 3283 944 3320 quae
977 3269 1201 3319 pertinebant
1230 3268 1276 3305 ad

266 3333 430 3361 veterem
459 3322 640 3361 historiam
671 3333 707 3360 et
734 3322 964 3360 humaniores
993 3323 1135 3365 literas;
1166 3322 1276 3373 inque

267 3389 398 3417 eorum
430 3376 552 3415 locum
572 3376 825 3415 substituebant
844 3378 993 3421 naeniam,
1023 3389 1134 3422 nugas
1165 3376 1274 3416 eroti-

264 3442 344 3474 εεε,
374 3429 558 3475 homilias,
588 3431 678 3468 vitas
709 3442 867 3480 patrum,
897 3430 1035 3480 aliaque
1056 3431 1092 3467 id
1118 3429 1274 3475 generis,

267 3496 353 3541 qua?
396 3484 512 3534 magis
550 3484 815 3536 intelligebant,
860 3484 1040 3537 plurisque
1083 3482 1276 3525 faciebant.

1322 2891 1325 2893 ’
1347 2890 1433 2928 Hac
1452 2889 1578 2927 fraude
1598 2898 1632 2926 et
1654 2890 1812 2940 pernicie
1829 2890 2015 2941 scriptores
2035 2891 2153 2937 multi,
2171 2892 2235 2940 qui
2255 2902 2350 2930 tem-

1347 2957 1436 2994 pore
1456 2944 1575 2982 Photii
1595 2943 1812 2993 supererant,
1833 2945 1982 2982 omnino
2002 2945 2111 2982 deleti
2131 2945 2221 2982 sunt.
2260 2948 2350 2984 Coe-

1348 2999 1402 3048 pit
1423 2997 1495 3035 hoc
1512 2997 1604 3035 fierit
1623 2998 1765 3035 circiter
1786 2997 1836 3036 A.
1854 2999 1904 3035 D.
1930 3012 1942 3036 ι
1957 3011 2043 3049 150.
2084 2999 2235 3037 Photins
2256 3000 2350 3038 vixit

1347 3053 1443 3090 circa
1464 3051 1566 3089 A.D.
1583 3063 1676 3102 900.
1706 3051 1806 3089 Vide
1825 3051 2082 3090 Montfaucon.
2103 3053 2349 3102 Palaeograph.

1349 3105 1422 3143 Gr.
1453 3119 1490 3155 p.
1509 3116 1568 3154 37.
1589 3117 1678 3155 319.
1720 3106 1858 3144 Confer
1877 3106 1921 3146 P.
1938 3106 2179 3156 Alcyonium,
2204 3106 2249 3143 de
2270 3107 2347 3144 Ex·

1349 3160 1425 3196 ilio.
1457 3172 1537 3208 pag.
1560 3170 1620 3208 29.
1650 3158 1737 3196 edit.
1763 3159 1863 3198 Bastl.

1407 3226 1425 3263 3
1457 3211 1656 3250 Casauboni
1678 3212 1843 3262 prodiere
1865 3213 2039 3261 primum,
2075 3212 2111 3249 in
2134 3213 2346 3260 Georgicis,

1350 3265 1547 3311 Bucolicis,
1568 3276 1603 3302 et
1618 3265 1827 3312 Gnomicis,
1848 3267 1996 3313 joannis
2013 3266 2182 3316 Crispini,
2201 3268 2347 3306 Genev.

1356 3322 1470 3370 ¹584·
1502 3331 1627 3356 lzmo.
1659 3320 1733 3358 Sub
1752 3321 1900 3356 nomine
1925 3332 2206 3359 HoaTraonu.
2245 3321 2348 3370 Saepe

1349 3374 1491 3411 recusus
1511 3373 1558 3410 est
1578 3372 1636 3410 ille
1656 3374 1810 3422 Crispini
1839 3373 1943 3411 liber.
1985 3374 2121 3411 Confer
2142 3374 2346 3415 Casauboni

1349 3427 1544 3477 Epistolam
1569 3427 1624 3465 H.
1645 3427 1845 3478 StephanO,
1875 3426 2108 3469 Leklionibus
2129 3427 2223 3468 hisce
2249 3442 2344 3478 prce-

1348 3480 1503 3529 miffam,
1531 3480 1606 3520 dat.
1627 3482 1679 3521 vi.
1699 3480 1759 3520 Id.
1781 3482 1881 3529 Aug.
1907 3483 2021 3533 1584.

2187 3574 2191 3579 ,
2207 3534 2351 3576 Heinfii
