2852 4004
806 300 1966 375 *PRAEFATIQ'
2272 313 2384 378 xiii

317 419 543 487 scilicet
565 420 669 488 illa
689 445 825 510 quae
845 419 1181 509 Stephanus
1214 421 1505 511 neglexit,
1535 446 1572 486 a
1601 423 1886 512 legitimis
1921 431 2264 494 etiamnum
2294 428 2384 493 se-

320 537 654 592 cernerem,
681 530 974 601 rogarunt
996 537 1100 577 me
1122 513 1291 577 docti.
1309 513 1566 601 quidam
1591 518 1717 579 viri.
1759 522 2046 607 Qorum
2069 522 2210 585 ideo
2233 545 2384 585 con-

315 603 520 669 filium
548 607 818 670 maxime
847 605 1210 694 improbavi,
1243 605 1415 693 quod
1446 605 1677 671 nollem
1707 611 1971 691 turbare,
2009 631 2071 676 et
2103 614 2243 676 loco
2273 613 2385 676 de-

315 696 570 785 pellere,
602 722 768 786 quae,
799 700 1124 762 communi
1153 699 1439 763 omnium
1474 699 1786 779 consensU,
1838 719 1933 768 tot
1962 706 2133 769 annis
2165 727 2384 791 regna-

264 817 267 822 ·
315 806 527 854 verant
579 792 644 857 in
695 790 861 856 libris
899 788 1241 869 Theocriti,
1304 787 1540 878 sibique
1598 792 2022 879 poffeffionem
2069 796 2384 883 quandam

313 879 622 947 vetustatis
647 880 1111 969 adquisiverant.
1181 886 1332 947 Non
1367 898 1578 946 tamen
1610 884 1880 951 alienum
1913 890 2026 957 erit
2050 903 2112 950 et
2141 890 2384 951 incom-

311 973 599 1052 modum,
650 972 698 1038 fi
731 974 1092 1039 sententiam
1125 998 1330 1040 meam
1361 973 1438 1038 de
1478 977 1850 1042 carminibus
1882 978 2042 1042 hisce
2083 981 2147 1042 in
2183 1003 2383 1045 unum

313 1065 467 1131 olim
511 1062 868 1155 colligendis
914 1067 1230 1155 aperiam3
1283 1089 1353 1130 ac
1398 1066 1621 1131 deinde
1660 1093 1943 1156 quaenam
1976 1070 2212 1159 Idyllia,
2264 1070 2385 1136 five

311 1160 643 1248 poematia,
695 1157 1099 1247 aliunde-huc
1131 1158 1355 1247 pedem
1386 1158 1727 1238 intulerint,
1777 1186 2103 1250 exponam.

407 1249 652 1343 Scripfit
688 1250 1078 1330 TheocrituS,
1110 1250 1276 1316 'teste
1306 1251 1510 1331 Suida,
1559 1252 1744 1317 libros
1778 1252 2105 1343 singulares
2137 1255 2385 1320 Bucoli-

315 1368 553 1422 corum,
592 1343 956 1424 Proetidum,
995 1354 1220 1416 Ελπτὼν,
1251 1347 1300 1406 F
1304 1344 1654 1423 unebrium,
1693 1349 2116 1434 Hymnorum,
2158 1350 2386 1412 Heroi-

314 1460 558 1514 narum,
610 1435 969 1524 Elegorum,
1036 1436 1450 1526 Jamborum:
1525 1462 1790 1517 necnon,
1851 1442 1946 1503 uti
2000 1439 2202 1516 cred0,
2268 1439 2386 1504 alia

312 1528 614 1593 nonnulla
646 1531 976 1617 poematia,
1004 1551 1140 1616 quae
1175 1527 1252 1592 ad
1287 1527 1523 1593 nullam
1552 1530 1980 1617 praedictorum
2012 1531 2255 1595 claffem
2288 1555 2385 1594 re-

228 1682 233 1685 .
309 1619 681 1686 ferebantur.
759 1625 912 1684 Haec
943 1621 1174 1705 omnia,
1225 1619 1503 1685 distinete
1536 1638 1765 1700 tamen,
1819 1647 1942 1692 una
1983 1623 2236 1686 colleAEta
2268 1647 2387 1711 pu-

312 1730 402 1794 to,
453 1731 515 1778 et
549 1738 585 1778 a
618 1713 917 1777 veteribus
948 1712 1119 1777 leeta.
1201 1713 1509 1778 Paulatim
1543 1738 1619 1777 ex
1647 1713 1762 1793 his,
1813 1739 1948 1803 quae
1980 1739 2107 1779 non
2136 1717 2387 1779 fuerunt

317 1805 627 1883 Bucolica,
670 1806 1146 1870 dominabantur
1178 1808 1345 1888 enim
1380 1805 1485 1869 illa
1524 1806 1706 1894 longe
1736 1806 1986 1885 diutiuS,
2024 1808 2388 1871 excidebant

312 1897 615 1986 quaedam.
696 1902 782 1962 Ut
817 1897 1043 1962 scilicet
1077 1898 1440 1977 Proetidum,
1485 1909 1710 1971 Ελνηὸων,
1742 1900 2144 1977 Funebrium,
2175 1903 2388 1988 Hym-

305 2014 555 2070 norum,
607 1992 1046 2075 Her'oinarum,
1094 1990 1453 2078 Elegorum,
1505 1989 1918 2081 Jamborum3
1982 1991 2134 2055 adeo
2165 2008 2235 2054 ut
2268 1991 2384 2055 ho-

308 2107 452 2150 rum
478 2082 669 2163 nulla,
699 2083 792 2147 vel
822 2081 1203 2172 paueiflima,
1234 2083 1741 2170 relinquerentur.
1808 2087 1976 2149 Cum
2008 2107 2150 2149 vero
2181 2100 2387 2149 totum

309 2200 484 2265 opuS,
539 2175 617 2240 ab
656 2178 916 2264 origine,
967 2174 1188 2254 faciem
1212 2218 1214 2220 .
1237 2200 1358 2264 prae
1406 2176 1463 2239 se
1505 2174 1730 2240 tuliffet
1777 2175 2030 2265 sylloges
2070 2175 2388 2265 cujusdam

307 2267 705 2334 miscellaneae
737 2269 1085 2341 breviorum
1117 2286 1500 2356 poematum,
1553 2266 1750 2332 aliena
1779 2270 2087 2356 poematia
2120 2269 2382 2356 insuper,

315 2376 390 2425 ut
425 2358 519 2439 fit,
571 2363 903 2449 importata
937 2358 1197 2425 fuerant.
1281 2360 1469 2448 Qod
1503 2359 1580 2422 ad
1612 2362 1899 2424 Bucolica
1934 2364 2174 2438 attinet,
2225 2385 2386 2447 quo-

313 2477 455 2518 rum
513 2451 670 2532 forte
718 2454 929 2517 omnia
981 2477 1150 2518 nunc
1215 2453 1512 2517 habemus
1539 2460 1578 2529 ¹,
1648 2452 1795 2516 huic
1846 2451 2013 2516 claffi
2065 2454 2267 2516 Bionis
2325 2467 2389 2516 et

311 2544 574 2630 Moschi,
647 2544 804 2609 forte
857 2562 919 2608 et
973 2545 1260 2625 aliorum,
1321 2543 1669 2624 Pastoralia,
1731 2544 2040 2634 progressu
2097 2546 2387 2633 temporis

247 2682 251 2686 -
308 2637 832 2703 immiscebantur.
918 2637 1168 2702 Titulus
1201 2640 1449 2716 interea,
1502 2655 1581 2698 Ta
1618 2653 2087 2708 BOTKOMKA,
2142 2639 2228 2700 ita
2266 2636 2386 2700 du-

311 2727 468 2796 dum
522 2722 735 2796 caetera
785 2731 998 2797 omnia
1043 2728 1464 2795 obscuraverat
1485 2738 1528 2807 ²,
1580 2744 1652 2792 ut
1695 2753 1832 2818 quae
1874 2753 2000 2793 non
2035 2728 2223 2793 effent
2260 2734 2386 2793 Bu-

369 2916 384 2943 1
398 2942 402 2947 ,
417 2904 566 2944 Notum
583 2903 675 2943 illud
693 2904 822 2949 Servii,
842 2904 880 2943 in
892 2904 986 2943 Vita
1005 2903 1168 2951 Virgilii.
1203 2903 1316 2942 “Sed
1446 2917 1467 2942 2
1497 2901 1574 2940 Sub
1592 2901 1794 2941 charaaere
1813 2903 1983 2942 bucolico
2010 2903 2149 2955 semper
2166 2916 2187 2940 a
2210 2901 2389 2941 veteribus

309 2959 360 3000 est
391 2954 678 3005 sciendum‚‘.sex
710 2958 854 3005 eclogas
894 2958 1091 3010 [Virgilii]
1119 2958 1188 2996 effe
1215 2971 1316 2996 mere
1390 2957 1593 3004 defiguntur
1612 2967 1647 2994 et
1666 2957 1794 2994 citatur
1816 2958 2054 2996 Theocritus.
2094 2957 2204 2996 Dabo
2227 2956 2390 2994 testimo-

309 3013 470 3059 rusticas,
502 3026 588 3063 quas
615 3012 841 3051 Theocritus
872 3025 1014 3050 DECEM
1045 3012 1197 3051 habet.”
1241 3012 1315 3050 Hae
1389 3012 1493 3050 nium
1522 3011 1642 3049 minus
1669 3022 1800 3049 notum
1830 3025 1875 3050 ex
1898 3012 2063 3050 AEliano.
2108 3011 2205 3048 Hist.
2227 3010 2389 3049 Animal.

310 3067 392 3108 sunt
411 3066 579 3112 Heinfio‚
612 3067 638 3105 i.
658 3067 697 3106 ii.
715 3067 768 3105 iii.
785 3067 842 3106 iv.
858 3080 901 3105 v.
925 3067 979 3105 vi.
1005 3066 1072 3103 vii.
1089 3067 1170 3104 viii.
1190 3067 1242 3106 ix.
1262 3067 1314 3104 xi.
1389 3079 1450 3104 xv.
1474 3078 1510 3103 c.
1527 3077 1585 3115 ¹9·
1621 3071 1808 3111 &ruffine
1827 3067 1842 3102 ὃ
1862 3083 1924 3103 των
1941 3072 2262 3105 ΝΟΜΕΥΤΙΚΩΝ
2284 3072 2390 3102 ΠΑΙ-

312 3115 442 3160 Heius.
467 3120 572 3159 Leec.
594 3120 757 3159 Theocr.
786 3133 865 3172 cap.
886 3120 911 3158 i.
942 3133 1024 3171 pag.
1045 3133 1133 3172 293.
1178 3121 1318 3160 Confer
1390 3127 1543 3158 ΓΝΙΩΝ
1577 3125 1843 3156 ΣΥΝΘΕΤΗΣ.
1891 3118 2000 3170 Qafi
2021 3118 2110 3156 nihil
2138 3118 2234 3156 aliud
2262 3129 2392 3168 praeter

311 3175 457 3215 Fabric.
488 3174 584 3213 Bibl.
616 3174 690 3212 Gr.
706 3175 746 3212 ii.
768 3185 862 3226 430.
903 3175 974 3212 Pro
1005 3187 1159 3212 numero
1187 3175 1316 3217 decem
1389 3172 1572 3224 pastoralia
1589 3172 1749 3209 carmina
1775 3172 1968 3222 scripfiffet.
2015 3172 2078 3210 Ad
2104 3172 2182 3209 haec
2203 3172 2393 3217 exigantur

310 3228 443 3271 horum
465 3227 700 3277 Idyffiorum,
729 3228 954 3267 Theocritus
977 3228 1171 3278 Syringem
1202 3229 1315 3275 suam,
1388 3228 1449 3265 illa
1483 3225 1645 3271 Longini
1674 3226 1793 3263 verba.
1839 3227 1872 3274 §-
1893 3226 2018 3264 xxxiii.
2040 3226 2078 3264 6.
2126 3234 2203 3266 Τοις
2231 3234 2391 3270 Boumat-

312 3284 442 3320 decem
463 3282 605 3332 paribus
634 3282 816 3328 versuum,
845 3282 941 3333 quasi
970 3283 1126 3319 totidem
1153 3282 1317 3329 calamis,
1391 3297 1472 3327 ιρις,
1502 3284 1636 3318 ΠΛΗΝ
1656 3286 1840 3318 οΛΙΓΩΝ
1859 3287 1958 3318 ΤΩΝ
1982 3287 2185 3322 ΕΞΩΘΕΝ,
2215 3280 2393 3331 ’.Θεοκρ-

311 3336 549 3382 constantem,
575 3336 742 3374 dicaviffe
759 3336 861 3382 Pani,
889 3346 990 3373 notat
1018 3336 1155 3374 ibidem
1177 3337 1316 3374 Salma-
1392 3342 1453 3372 τω·
1471 3331 1714 3385 ιπτῗυχεςοιτος.
1756 3334 1851 3382 Quae
1869 3337 1988 3371 minus
2006 3334 2176 3371 haetenus
2198 3332 2392 3379 intelle-sta,

314 3390 399 3429 lius.
445 3390 562 3427 Reae
593 3390 772 3441 quidem:
801 3389 864 3427 nisi
888 3389 988 3440 quod
1017 3390 1088 3427 hoc
1108 3390 1232 3428 fecerit
1262 3403 1320 3427 re-
1394 3389 1471 3440 post
1490 3387 1610 3426 irritos
1630 3388 1875 3426 maximorum
1893 3388 2052 3433 virorum
2082 3396 2245 3431 conatus,
2277 3386 2392 3430 brevi,

317 3443 459 3482 centior
477 3443 605 3495 aliquis
626 3452 747 3496 poeta.
785 3443 854 3484 Sed
875 3443 948 3482 hoc
964 3454 1220 3492 argumentum
1238 3442 1324 3483 alibi
1393 3442 1590 3495 speramuS,
1619 3451 1705 3480 nota
1722 3442 1830 3482 faciet
1847 3451 1884 3481 et
1902 3441 2018 3481 facilia
2037 3441 2207 3492 Toupius
2228 3440 2359 3477 noster.

320 3496 547 3540 videbimus.
1166 3559 1174 3563 ί
1504 3495 1548 3559 d
2181 3492 2396 3572 conca,
