2852 4004
528 304 640 366 234
1142 281 1204 338 N
1240 284 1293 340 O
1330 283 1384 338 T
1415 283 1503 339 AE.
1611 283 1743 340 XX.
1783 285 1877 355 41.
1913 292 2007 357 44.

526 390 649 444 viter
688 400 737 442 et
761 386 1046 459 AEschylus',
1090 397 1141 440 et
1176 403 1242 439 ex
1281 385 1376 440 hac
1405 387 1512 442 fere
1541 386 1782 452 formula,
1818 386 2015 462 Coeph.
2049 402 2100 443 v.
2119 385 2244 463 897.
2303 386 2598 448 Mammam

525 464 736 518 ostendit
753 462 924 516 'Oresti
948 461 1054 516 filio
1080 460 1465 534 clytemnestra.
1912 505 1914 507 .
2111 506 2113 508 ,
2178 501 2183 507 .
2375 506 2377 509 .

744 580 907 626 Μαιςτν,
943 581 1059 624 περς
1081 561 1116 638 ᾧ
1140 587 1188 617 σν
1210 573 1362 616 πολλοι
1385 561 1559 638 βοζων
1581 562 1750 618 ‘AMA-

745 666 1032 731 Mammam‚
1069 666 1142 720 ad
1165 686 1306 742 quam
1328 677 1384 722 tu
1405 665 1737 719 dormituriens
1765 662 1932 718 fimul.

522 764 714 817 Iterum
738 763 1010 828 Lucianus,
1055 764 1176 820 edit.
1215 777 1273 819 ut
1308 765 1437 838 supr.
1463 765 1560 818 III.
1609 763 1746 818 Dial.
1771 763 1987 817 Meretr.
2026 779 2142 836 pag.
2164 781 2289 837 314.
2347 762 2482 821 Dial.
2506 769 2595 824 xii.

522 837 601 897 Ὠς
623 841 732 910 ἅμα
756 832 1052 909 „afflatum
1117 841 1186 895 Ut
1208 856 1305 892 una
1327 837 1647 894 dormiremus.
1711 835 1871 912 Quod
1895 834 2144 908 frequens,
2536 879 2541 887 κ
2560 866 2565 874 ·-

595 911 661 964 V.
678 928 718 997 4.
723 929 767 965 1.
783 941 860 956 —-
876 927 1006 970 Αυπς
1042 914 1355 988 mmmm]
1406 909 1678 967 Nonnihili
1711 909 1939 967 facienda
1969 909 2120 966 lectio
2145 912 2345 968 Codicis
2368 912 2600 974 Vaticani

519 984 738 1041 secundi·
1130 1076 1296 1117 ormz
1331 1027 1619 1133 επλαιγχθηέ.

519 1160 569 1213 Ο
591 1159 802 1235 Jupiter
822 1173 1021 1236 propter
1047 1174 1249 1237 puerum
1270 1165 1404 1219 boves
1424 1163 1704 1237 past-entem,
1738 1161 1809 1217 sc.
1847 1161 2163 1236 Ganymeden,
2199 1163 2298 1217 ales
2322 1162 2483 1220 factus
2513 1185 2597 1222 er-

519 1233 657 1305 rasti.
718 1234 781 1288 In
817 1238 1053 1309 sequenti,
1090 1239 1219 1292 bene
1240 1239 1378 1292 idem
1400 1238 1580 1293 Codex
1603 1237 1689 1291 dat
1724 1258 1845 1309 μονον
1879 1254 1973 1309 pro
2008 1260 2141 1308 μονα..
2203 1238 2360 1292 Νονο
2400 1241 2601 1312 prorsus

518 1305 676 1363 sensu.
741 1318 777 1342 “
791 1310 1010 1365 Caeteros
1033 1329 1208 1366 omnes
1248 1312 1474 1366 lubenter
1496 1310 1607 1365 satis
1636 1308 1871 1375 admittit,
1906 1322 1956 1364 et
1991 1310 2323 1384 amplectitur,
2361 1325 2599 1387 proterva

516 1380 627 1435 haec
649 1391 699 1435 et
720 1381 966 1438 fastidiosa
988 1386 1184 1458 puella:
1210 1385 1364 1458 Jblum
1388 1384 1698 1450 Bubulcum,
1736 1387 1834 1440 δατ.
2628 1445 2632 1450 ,

593 1456 661 1510 V.
680 1474 772 1527 44.
792 1488 868 1502 —
882 1474 1053 1526 Κυπμ
1071 1460 1172 1534 -]
1213 1460 1410 1516 Eunica
1443 1458 1589 1523 forte,
1629 1475 1734 1513 non
1757 1459 1947 1522 Venus,
1982 1458 2300 1532 intelligenda
2322 1459 2411 1514 est.
2459 1461 2599 1517 Ele·
2631 1490 2639 1497 *

516 1542 687 1600 ganter
710 1532 921 1602 conjecit
946 1533 1288 1597 Causabonus,
1328 1543 1363 1568 “
1384 1534 1474 1587 Tu
1500 1551 1627 1606 quae·
1649 1534 1800 1588 altera
1837 1533 1928 1585 tibi
1953 1533 2128 1586 Venus
2153 1534 2380 1587 videris.''
2420 1551 2468 1589 e.
2486 1537 2597 1592 xix.

516 1605 673 1674 Qod
714 1606 892 1678 probat
930 1607 1086 1661 etiam
1118 1607 1415 1670 Palmerius‚
1460 1625 1574 1680 pag.
1595 1606 1721 1662 810.
1785 1606 1928 1676 Qid
1963 1618 2135 1660 autem
2173 1609 2235 1660 de
2274 1607 2369 1660 illis
2403 1607 2492 1663 fiet
2523 1633 2598 1665 τοι·
2634 1666 2641 1669 ,

514 1671 644 1738 ἄθεοι,
682 1691 731 1732 et
755 1700 795 1732 εν
818 1679 913 1752 opi?
966 1681 1074 1734 Ubi
1097 1681 1318 1735 videatur
1341 1682 1538 1736 Adonis
1569 1680 1794 1752 intelligi.
1848 1679 2182 1753 Respondeo:
2222 1697 2309 1753 per
2346 1677 2462 1736 ἄθεοι
2490 1684 2596 1757 fig-

515 1751 704 1805 nificari
737 1753 872 1825 pofl'e
905 1766 1182 1808 amatorem
1220 1757 1272 1808 in
1305 1772 1502 1828 genere,
1538 1754 1824 1808 formosum·
1845 1765 1894 1807 et
1924 1754 2190 1808 amabilem
2214 1755 2434 1826 aliquem
2471 1758 2597 1811 ado·

513 1823 798 1890 lescentem‚
838 1839 894 1880 ut
917 1851 984 1882 τον
1008 1842 1162 1889 καλου,
1199 1829 1299 1884 διε.
1365 1832 1538 1901 Atque
1562 1829 1630 1881 ita
1654 1829 1828 1882 locum
1851 1827 2158 1900 interpretor.
2214 1838 2249 1862 “
2265 1827 2451 1902 Neque
2475 1849 2592 1885 am·-

512 1898 643 1970 plius
675 1911 748 1963 tu,
788 1901 840 1953 0
866 1901 1076 1967 Eunica,
1116 1903 1486 1957 amatorculum
1509 1901 1745 1974 aliquem,
1783 1901 1877 1954 vel⁴
1896 1902 1949 1953 in
1982 1902 2122 1965 urbe,
2159 1919 2317 1973 quam
2340 1915 2594 1979 tantopere

512 1972 716 2037 laudas;
761 1976 839 2027 vel
863 1974 1023 2039 etiam,
1062 1993 1223 2039 Rom,
1261 1976 1297 2029 fi
1330 1977 1460 2030 forte
1484 1993 1712 2048 unquam
1735 1974 1806 2028 ad
1815 2012 1817 2014 -
1831 1986 2042 2029 extrema
2060 1974 2260 2029 -redabla
2271 1978 2457 2050 fueris,
2496 1979 2594 2034 ha-

513 2046 627 2099 beas
650 2065 806 2119 quem
831 2049 1107 2103 oscularis.''
1168 2052 1219 2105 Si
1244 2050 1360 2103 velis
1387 2061 1443 2103 ut
1461 2050 1653 2113 VenuS,
1675 2056 1926 2102 ‘amorum
1953 2067 2162 2113 numen,
2196 2049 2280 2103 hic
2307 2052 2592 2125 accipiatur,

511 2133 624 2174 tum
652 2139 752 2174 vox
774 2121 844 2175 est
869 2123 976 2175 irati
1003 2125 1252 2190 amatoriS,
1278 2123 1484 2177 bubulci
1506 2123 1709 2186 scilicet,
1744 2124 1840 2176 tale
1865 2123 2075 2178 Malum
2099 2123 2284 2178 Veneri
2309 2125 2593 2198 imprecans·

511 2195 572 2246 tis
615 2195 682 2248 ob
721 2195 975 2249 fastidium
1008 2198 1208 2252 Puellae.
1273 2200 1428 2252 Hanc
1468 2209 1732 2251 contextus
1764 2196 2169 2252 emendationem
2203 2199 2332 2254 mihi
2370 2202 2598 2273 porrexit

510 2269 731 2322 eruditus
757 2271 846 2333 vir,
884 2282 932 2323 et
958 2271 1009 2323 in
1034 2271 1316 2326 Theocrito
1339 2270 1698 2326 versatiffimuS.

732 2389 893 2435 Μηκέτι
919 2369 1028 2445 μηδέ
1066 2386 1144 2425 TA
1179 2386 1457 2427 ΚΥΠΡῙΔΟΣ
1493 2372 1679 2431 ἈΔΕΑ,
1714 2391 1823 2442 μήτε
1852 2368 2078 2431 udl'dcv,

729 2444 828 2510 ΜῆΓ
846 2469 883 2512 εν
907 2446 971 2525 ogd
1004 2462 1249 2500 ΦΟΡΕΟΙΣ·
1273 2518 1278 2523 ἡ
1297 2469 1416 2517 pamm
1442 2441 1489 2499 δ’
1504 2468 1594 2499 avoc.
1618 2468 1748 2499 νυκπι
1774 2439 2020 2509 καθευὸως.
2076 2508 2081 2512 .

583 2547 786 2599 Fatetur
809 2546 890 2598 (31.
916 2545 1152 2599 Reiskius
1176 2547 1223 2599 se
1246 2564 1346 2599 non
1371 2543 1625 2598 contulisse
1649 2543 1764 2607 hoc,
1803 2556 1853 2598 et
1877 2544 2118 2616 Idyllium
2142 2543 2595 2616 undevigesimum„

508 2636 630 2672 cum
655 2620 867 2672 editione
893 2621 1096 2682 Aldina,
1138 2638 1297 2692 quam·
1319 2632 1462 2671 vocat
1487 2617 1850 2672 Ernestianam.
1901 2618 2016 2688 Ego
2052 2635 2163 2669 eam
2188 2617 2457 2672 editionem
2496 2622 2586 2693 (ut

507 2693 561 2744 in
588 2695 769 2746 caeteris
793 2703 935 2745 certe.
956 2694 1215 2764 omnibus)
1255 2694 1308 2744 in
1341 2692 1560 2762 utrisque
1585 2691 1794 2754 contuli,
1832 2709 1988 2762 quam
2009 2691 2320 2762 ,plerumque
2356 2692 2427 2743 illi
2450 2693 2595 2747 alteri

509 2766 795 2838 respondere
820 2766 1026 2836 reperi0.
1075 2766 1187 2818 Nifi
1212 2767 1348 2837 quod
1376 2765 1427 2817 in
1451 2765 1539 2817 illo
1565 2765 1858 2818 Ernestiano
1883 2763 2137 2836 exemp10,
2162 2764 2331 2835 [quod
2356 2766 2428 2817 est
2449 2766 2583 2821 Bibl.

509 2839 653 2892 Bodl.
681 2857 829 2892 ART.
866 2839 926 2891 F.
949 2859 998 2909 4.
1022 2841 1101 2911 9.]
1143 2837 1434 2911 pu-netuatio
1467 2839 1618 2910 paulo
1652 2839 1924 2892 accuratius
1955 2838 2259 2910 expediatur.
2315 2838 2431 2913 Nos
2459 2857 2597 2894 cum·

507 2915 740 2968 lectiones
764 2913 886 2968 Aldi
912 2927 1162 2975 notamuS,
1202 2913 1429 2985 utrasque
1453 2913 1556 2987 ejus
1581 2912 1818 2966 editiones
1843 2911 2119 2988 promiscue
2143 2910 2482 2986 defignamuS.-
