2852 4004
772 257 1066 297 NOTITIA
1111 254 1527 294 SCHOLIORUM
1575 256 1964 296 THEOCRITI.
2418 263 2515 318 139

253 333 592 410 composuisse.
622 316 771 389 'Nec
802 333 955 387 etiam
981 332 1214 386 Theonis
1250 344 1336 384 aut
1370 331 1714 404 Neoptolemi.
1780 335 1911 387 Eam
1951 334 2019 387 ob
2057 333 2252 388 causam
2289 346 2382 389 tres
2427 340 2514 401 illi,

259 410 498 484 posterius
529 407 666 471 dieti,
705 407 1018 480 potiffimum
1059 406 1336 460 conditores
1373 405 1561 458 horum
1591 406 1906 460 Scholiorum
1946 410 2205 481 reputandi
2243 410 2371 463 sunt.
2438 414 2517 464 Illi

257 485 409 538 etiam
435 494 658 558 poterant
681 481 1103 535 commentarium
1128 480 1391 533 Nicanoris
1416 480 1690 543 intexuiffe,
1719 493 1767 533 et
1791 482 1938 534 libros
1964 483 2166 535 Munati
2190 485 2517 557 et-Asclepia-

258 559 333 611 dis
358 558 608 628 Myrleani
632 556 749 608 hinc
773 556 888 608 inde
925 553 1150 608 citavisse.
1213 555 1344 606 Utut
1381 553 1488 606 haec
1513 553 1715 616 fuerint,
1754 556 1964 626 agnosco
1999 557 2109 629 post.
2142 558 2251 609 illos
2288 576 2516 622 manum,

259 650 364 685 non
392 632 548 684 modo
571 628 968 692 consarcinantis,
1006 629 1105 691 sed,
1144 628 1284 700 quod
1309 628 1548 690 diximus,
1589 629 1738 680 etiam
1773 630 2085 701 compilantis
2104 658 2119 694 5
2171 632 2304 684 unde
2334 634 2521 705 integra

259 706 444 769 minuS,
482 706 731 776 longeque
755 703 975 756 breviora
998 715 1046 755 et
1069 703 1396 755 contrafflora
1424 702 1568 753 nobis
1592 701 1698 755 haec
1723 705 1989 756 transmissa
2014 705 2125 757 sunt
2150 719 2186 757 ¹.

333 778 569 850 Antiquis
593 779 701 830 haec
733 777 860 829 forte
884 776 1191 848 temporibus
1215 775 1361 828 facta.
1421 777 1785 839 Veruntamen,
1826 777 2024 829 vetustis
2050 778 2141 830 illis
2166 780 2518 850 grammaticis,

263 854 363 906 five
382 871 558 905 eorum
579 851 1000 923 compilatoribus,
1029 851 1171 922 plura
1187 850 1415 922 deinceps
1437 851 1767 902 recentiorum
1792 850 2015 922 irrepsere
2027 875 2043 912 3
2080 853 2205 904 dum
2232 853 2410 906 scilicet
2435 873 2523 906 an·

258 929 397 998 tiqua
421 926 502 978 illa
525 928 708 978 iterum
732 925 1142 988 consarcinarent,
1169 923 1432 995 studioque
1460 926 1670 978 novandi
1699 925 2034 987 emendarent,
2073 925 2434 998 interpolarent,
2473 941 2522 980 et

265 1000 565 1054 commentis
607 999 703 1051 suis
747 997 1126 1069 amplificarent.
1197 997 1398 1049 Mirum
1448 998 1558 1049 sane
1603 997 1734 1060 effet,
1794 998 1827 1048 fi
1872 999 2090 1050 sordium
2133 1001 2524 1070 Byzantinarum

262 1093 386 1150 pura
425 1072 623 1147 prorsus
657 1074 718 1124 ad
752 1089 843 1124 nos
881 1071 1034 1143 usque
1069 1070 1404 1142 perveniffent.
1471 1071 1738 1124 Christiani
1778 1072 2087 1140 grammatici
2127 1091 2236 1126 raro
2269 1087 2352 1126 aut
2391 1093 2524 1127 nun·

260 1166 416 1220 quam
441 1146 671 1219 exempla
697 1164 724 1197 e
749 1144 965 1217 profanis
989 1143 1303 1216 scriptoribus
1343 1144 1658 1207 adferebant;
1698 1146 1802 1196 imo
1826 1158 1873 1196 et
1901 1164 1927 1196 e
1953 1141 2157 1199 Lexicis
2177 1149 2526 1219 expungebant

263 1235 315 1275 et
367 1221 576 1293 agebant
613 1219 788 1291 paffim
826 1219 1099 1270 istiusmodi
1149 1218 1445 1280 testimonia,
1502 1228 1742 1289 tanquam
1786 1220 1976 1271 inutilia
2017 1221 2364 1273 additamenta.
2436 1223 2524 1274 Ad

213 1290 219 1299 ’
264 1295 530 1368 Idyll.VI.
558 1313 646 1349 21.
685 1293 863 1346 citatur
900 1293 1160 1346 versiculus
1198 1310 1226 1344 e
1255 1291 1462 1343 Psalmis
1487 1306 1525 1354 2,
1568 1307 1621 1343 ut
1655 1295 1705 1343 in
1740 1293 1869 1345 notis
1907 1295 1969 1345 ad
2003 1312 2123 1346 eum
2157 1295 2328 1346 locum
2367 1314 2521 1348 mon-

263 1370 425 1429 stravi.
487 1369 606 1438 Jam
633 1386 751 1420 vero
777 1366 1052 1420 mirificum
1079 1367 1176 1419 hoc
1203 1366 1427 1428 habetur,
1467 1368 1528 1417 de
1553 1368 1758 1418 censura
1784 1367 1964 1419 scilicet
1989 1367 2217 1430 ecclefiae‚
2257 1370 2308 1419 in
2339 1368 2526 1422 scholio

266 1444 406 1517 quod
437 1458 529 1496 nos
562 1443 786 1514 primum
812 1441 1024 1503 edimuS,
1066 1442 1124 1492 ad
1155 1441 1441 1511 Idyll.VII.
1477 1458 1539 1492 10
1547 1456 1592 1510 5¹.
1643 1442 1817 1493 Sermo
1847 1440 1919 1499 fit,
1957 1442 2020 1492 de
2057 1442 2263 1494 homine
2301 1443 2443 1495 molli
2477 1457 2527 1496 et

267 1517 597 1572 effoeminato.
653 1517 856 1584 ’(ΑφἊΞυ
888 1523 982 1582 213⁶
1022 1513 1105 1568 ‘dm
1141 1526 1553 1573 EKKAHEIAN,
1595 1537 1674 1579 καφ
1713 1535 1751 1567 εν
1787 1538 1849 1586 τῳ
1884 1515 1988 1586 βιῳ,
2025 1512 2275 1593 λοιὸωξημω
2311 1516 2529 1583 Atym-oq?

268 1601 305 1625 “
325 1591 458 1645 Hinc
485 1605 544 1643 To
576 1598 769 1663 τρυφερον
791 1599 882 1659 per
913 1587 1060 1659 ipsc'zm
1080 1587 1362 1650 ,ecclefiam,
1405 1598 1450 1639 et
1482 1588 1535 1640 in
1573 1590 1799 1640 communi
1829 1588 1956 1651 vita,
1983 1588 2265 1658 scandalum
2299 1589 2526 1642 dicitur.’'
2566 1613 2569 1616 ’

265 1664 459 1718 Scilicet
482 1663 536 1716 in
561 1663 668 1716 haec
704 1664 853 1714 verba
877 1674 1131 1714 mutatum
1160 1660 1536 1724 reformabatur,
1576 1680 1603 1714 a
1634 1663 1948 1714 novatoribus
1979 1661 2073 1714 illis
2107 1662 2294 1715 insulfis
2329 1675 2378 1715 et
2404 1664 2524 1716 offi-

267 1738 425 1801 ciofiS,
481 1737 746 1808 antiquum
791 1735 993 1806 aliquod
1032 1735 1166 1787 aliud
1209 1734 1451 1787 scholium
1470 1761 1486 1799 3
1537 1753 1657 1787 nam
1699 1735 1836 1787 aliter
1877 1753 1996 1787 eum
2038 1737 2214 1788 locum
2255 1737 2527 1808 Calliergus

267 1813 422 1866 edidit
442 1824 481 1864 3.
543 1811 795 1884 Qnimo
821 1809 963 1880 plura
987 1809 1254 1878 specimina
1280 1810 1567 1878 Byzantinae
1595 1809 1872 1862 Graecitatis
1896 1821 1944 1861 et
1971 1810 2228 1872 barbariei,
2266 1810 2397 1863 hisce
2421 1812 2528 1862 col-

264 1885 493 1940 leffltneis
518 1884 750 1945 extantia,
789 1882 902 1935 dedi
934 1883 984 1934 in
1011 1882 1163 1934 Notis
1190 1882 1334 1952 Idyll.
1354 1883 1551 1936 XVIII.
1575 1900 1661 1953 32.
1714 1883 2035 1945 Abundabat,
2076 1884 2243 1935 medio
2267 1896 2322 1936 ut
2345 1884 2529 1937 dicitur

263 1979 388 2022 aev0,
426 1957 883 2028 Constantinopolis
921 1955 1281 2027 gloffatoribUS,
1324 1955 1699 2028 lexicographiS,
1739 1955 1937 2028 aliisque
1967 1957 2029 2008 de
2053 1975 2112 2008 eo
2146 1975 2320 2028 genere
2355 1958 2527 2010 homi·
2603 1967 2606 1970 ’

262 2051 394 2088 num
420 2053 433 2087 :
485 2032 666 2104 quibus
701 2050 804 2083 non
831 2031 939 2084 satis
966 2031 1125 2082 visum
1150 2029 1221 2081 est
1249 2029 1485 2083 Graecam
1528 2030 1752 2101 linguam
1779 2043 1826 2082 et
1851 2031 2077 2101 antiquos
2103 2031 2352 2102 scriptores
2379 2031 2528 2084 Grae-

265 2125 351 2163 cos
376 2125 478 2160 non
504 2106 788 2176 intelligere,
817 2104 904 2162 nifi
929 2116 976 2156 et
1000 2103 1199 2156 inscitiae
1223 2102 1322 2157 suae
1347 2118 1678 2157 monumenta
1703 2104 1852 2157 etiam
1879 2105 2145 2175 posteritati
2171 2106 2415 2158 traderent
2430 2118 2471 2158 4.

331 2285 351 2316 1
372 2273 461 2312 Hoc
482 2273 617 2312 interea
633 2270 850 2311 notandum.
886 2270 992 2309 Solus
1013 2270 1179 2309 Nicanor
1197 2279 1232 2308 et
1247 2270 1362 2308 Ama·
1440 2285 1511 2322 qua
1530 2268 1793 2312 mmmm&
1811 2270 2015 2309 utebantur.
2049 2270 2259 2320 Byzantinis
2277 2270 2526 2323 perfamiliaris

275 2338 399 2370 xantus
418 2327 547 2366 diserte
565 2327 611 2365 ab
638 2326 844 2364 auctoribus
867 2325 1023 2376 antiquis
1043 2324 1234 2363 traduntur
1259 2337 1365 2361 corn-
1439 2335 1514 2363 erat
1532 2325 1677 2363 vestitus
1698 2325 1930 2363 foeminarum
1949 2324 2286 2363 Macedonicarum.

0 3597 13 3613 ’f
0 3319 27 3588 τπῌξῒκῆ-”“Ἤῖ1’”
2 3278 7 3280 '
0 3213 18 3255 ῬΣ
12 3170 17 3173 s
13 3130 17 3146 μ
0 3107 2 3109 ’
0 3059 2 3077 ‘⁴'
13 3022 16 3026 ,
0 2947 8 2984 '-

226 2403 230 2407 ·
275 2383 493 2423 mentarium
512 2381 551 2419 in
570 2380 816 2418 Theocritum
836 2378 1016 2430 scripfiffe.
1064 2379 1173 2423 Puto,
1195 2377 1367 2416 dicuntur

275 2439 316 2476 in
341 2436 500 2476 eundem
521 2434 724 2474 scholiastae
745 2434 920 2472 Munatus
940 2442 975 2470 et
994 2431 1241 2483 Asclepiades,
1263 2431 1363 2482 quod

277 2505 406 2532 eorum
433 2490 543 2528 verba
570 2490 608 2526 in
641 2488 696 2526 his
729 2487 885 2525 Scholiis
916 2487 1085 2525 citentur.
1133 2485 1248 2533 Quod
1277 2498 1363 2523 vero

274 2545 408 2585 scholia
431 2544 470 2582 in
489 2543 734 2581 Theocritum
754 2541 935 2579 ediderint
954 2540 1066 2578 Theo
1095 2548 1132 2578 et
1153 2539 1381 2590 Νεορῑοκτ-Δ

279 2612 376 2642 mus,
391 2598 446 2645 id,
466 2607 643 2648 quantum
662 2595 813 2642 colligo,
834 2605 970 2633 tantum
988 2593 1161 2632 constanti
1181 2593 1366 2631 traditioni

287 2653 430 2691 videtur
462 2651 642 2690 innixum.
687 2649 762 2687 Etsi
794 2650 918 2687 austor
946 2648 1194 2698 Etymologiae
1220 2647 1366 2684 ineditae

278 2707 374 2746 Bibl.
410 2707 506 2752 Reg.
541 2704 647 2743 Paris.
684 2703 850 2741 citaverit
887 2709 1032 2746 ΘεωνΘω
1054 2703 1368 2740 ,ῪΠΟΜΝΗΣΙΝ

279 2761 498 2807 Theocriti.
519 2758 663 2797 Praefat.
697 2757 861 2808 Hesych.
883 2757 973 2795 Alb.
996 2756 1116 2794 Torn.
1136 2755 1176 2793 ii.
1197 2756 1249 2794 iv.
1285 2754 1369 2803 Jam

279 2815 382 2867 quod
412 2815 539 2852 attinet
567 2812 612 2850 ad
642 2812 847 2857 Ameriam,
881 2811 960 2860 ejus
989 2822 1125 2847 nomen
1157 2810 1196 2847 in
1219 2808 1369 2847 Codice

283 2868 416 2920 quinto
436 2867 614 2906 Vaticano
632 2865 791 2904 adhaeret
810 2865 944 2903 scholio
969 2864 1115 2901 cuidam
1135 2863 1234 2914 prius
1252 2863 1368 2907 edito,

282 2922 330 2961 ad
356 2921 468 2973 Idyll.
492 2921 526 2960 I.
551 2933 613 2970 32·
661 2919 733 2957 Sed
764 2918 973 2969 imperfeih
999 2917 1144 2956 videtur
1172 2916 1368 2959 sententia;

282 2976 380 3028 quast
411 2988 486 3013 non
520 2974 572 3012 ibi
599 2973 756 3011 absolute
788 2971 1064 3010 subscriberetur
1093 2970 1277 3015 Amerias,
1311 2969 1370 3007 sed

287 3031 409 3082 potius
430 3039 470 3066 ut
490 3029 566 3078 ejus
585 3027 828 3065 testimonium
849 3025 1102 3071 adduceretur,
1132 3035 1169 3063 et
1187 3023 1372 3062 excideret

287 3085 342 3122 V.
372 3093 464 3132 φησι,
495 3082 553 3120 vel
572 3081 699 3120 simile.
748 3081 890 3119 (iratur
919 3080 1046 3117 itidem
1066 3079 1099 3118 Ι.
1119 3091 1186 3131 97.
1233 3077 1372 3115 Nonne

284 3137 569 3188 Neoptolemus,
598 3135 853 3182 grammaticus
879 3146 1027 3184 nempe,
1056 3133 1170 3170 faCtus
1201 3131 1250 3169 est
1280 3144 1372 3168 unus

286 3191 562 3231 Scholiastarum
582 3189 799 3233 nostrorum,
828 3201 873 3225 ex
893 3200 938 3225 eo
959 3187 1058 3238 quod
1079 3187 1139 3224 hic
1158 3187 1302 3230 citetur,
1333 3194 1372 3221 ut

284 3245 454 3298 praedixi,
482 3243 752 3294 Neoptolemus
772 3242 966 3281 medicus?
1011 3236 1133 3279 Facile
1155 3249 1252 3278 certe
1280 3250 1370 3276 con·

285 3299 392 3338 fundi
414 3298 565 3350 possent.

347 3366 369 3392 2
399 3348 669 3403 Αναῖοιᾶηᾶυος
687 3361 757 3398 Ome
776 3349 817 3391 ἇς
835 3365 978 3398 amoc-em.
1018 3346 1107 3386 Psal.
1131 3359 1213 3383 Clv.
1237 3358 1270 3382 2.

330 3420 363 3459 '3
395 3406 457 3445 Ad
477 3405 593 3456 Idyll.
616 3406 705 3446 XV.
730 3417 793 3444 21.
822 3405 962 3443 mentio
991 3402 1032 3441 fit
1057 3401 1159 3439 vestis
1185 3397 1369 3449 cujusdam

1494 2390 1521 2428 4
1548 2379 1636 2429 Qo
1656 2379 1882 2418 literatorum
1912 2392 2043 2426 genere
2065 2377 2395 2429 Constantinopolis
2414 2376 2525 2415 scate-

1440 2443 1508 2479 ret,
1542 2445 1690 2483 quoque
1722 2434 1758 2470 in
1787 2432 1870 2471 loco
1901 2446 1956 2470 res
1985 2432 2036 2470 ibi
2069 2431 2221 2469 literaria
2248 2431 2396 2475 steterit,
2432 2430 2528 2468 circa

1440 2487 1491 2524 A.
1509 2486 1560 2523 D.
1588 2499 1702 2538 ¹¹50·
1739 2487 1946 2533 colligimus
1976 2499 1995 2523 e
2027 2486 2171 2532 loannis
2190 2486 2321 2534 Tzetis
2342 2482 2527 2525 Chiliadi-

1439 2540 1522 2584 dus,
1549 2539 1620 2578 IX.
1647 2553 1737 2589 372·
1781 2541 1972 2591 Postquam
1994 2539 2125 2576 dixerit
2143 2539 2300 2577 sublestis
2327 2538 2527 2584 abbatibus,

1437 2594 1631 2644 sanfitisque
1660 2594 1864 2646 hypocritis,
1895 2593 2007 2632 multa
2027 2593 2119 2639 dari,
2150 2593 2271 2631 debita
2299 2592 2528 2638 melioribus,

1440 2648 1599 2698 adjecit:

1550 2709 1736 2761 Ανῖρωπτις
1755 2718 2072 2750 ΣΥΓΓΡΑΦΕΥΣῙ
2095 2707 2131 2747 ὀὶ
2151 2716 2530 2748 ΜΕΤΑΦΓΑΣΤΛΙΣ

1657 2763 1794 2810 βιῖλιων

1553 2817 1666 2878 Asytf)
1691 2826 1998 2859 ΜΕΤΑΦΡΑΣΑΙ
2018 2827 2079 2870 μἐν
2096 2835 2202 2871 (acmes
2220 2834 2376 2858 πσαυτης
2390 2814 2512 2862 βιῖλκ.

1554 2895 1717 2932 Homines
1743 2903 1857 2931 autem
1890 2907 2154 2932 SCRIPTORl-:s
2188 2903 2222 2932 et
2251 2905 2528 2930 PARAPHRAs·

1664 2961 1743 2986 rras
1776 2960 2008 2986 Limonum

1553 3002 1699 3051 Jubetis
1730 3013 2060 3040 ιΝτεκΡκΕΊ-Ακι
2095 3012 2218 3049 magna
2244 3001 2436 3039 volumina.

1448 3073 1545 3111 Mox
1571 3074 1704 3124 inquit,
1734 3073 1767 3110 se
1787 3072 1868 3123 ipfis
1889 3072 1942 3109 uti
1961 3071 2166 3108 audioribus
2188 3071 2346 3116 Graecis,
2377 3086 2451 3109 non
2482 3074 2531 3125 {g-

1446 3142 1654 3178 μηνευμοεσ-ι,
1683 3126 2047 3176 interpretationibus,
2078 3136 2115 3162 ut
2135 3138 2215 3162 mos
2236 3136 2320 3162 erat.
2361 3126 2457 3162 Chii.
2475 3128 2529 3165 V.

1448 3193 1541 3231 931.
1581 3181 1702 3218 Libris
1734 3192 1854 3217 autem
1894 3179 2179 3225 transcribendis,
2225 3178 2285 3215 etfi
2322 3179 2532 3217 melioribus

1446 3247 1587 3280 natum,
1627 3235 1767 3272 testatur
1799 3235 1830 3270 se
1861 3233 1973 3269 vitam
2007 3233 2169 3270 tolerare.
2215 3231 2304 3269 ibid.
2326 3243 2421 3282 94¹.
2457 3233 2531 3284 seq.

1446 3288 1546 3326 Dein
1567 3300 1713 3338 propter
1733 3288 1897 3338 iniquum
1919 3287 1963 3323 de
1984 3286 2106 3324 studiis
2127 3287 2191 3323 suis
2209 3286 2406 3334 judicium,
2434 3288 2531 3324 omi-

1446 3353 1550 3378 natur
1569 3341 1748 3387 futurum,
1779 3352 1819 3378 ut
1837 3340 2165 3390 Constantinopolis
2197 3339 2346 3376 demum
2376 3340 2532 3378 tradatur

1447 3395 1618 3442 barbaris,
1648 3406 1683 3434 et
1704 3395 1845 3433 barbata
1865 3403 1938 3432 tota
1958 3394 2030 3431 fiat.
2073 3394 2173 3432 Chil.
2192 3394 2241 3431 V.
2265 3406 2356 3445 941.

2396 3501 2532 3552 Asbamff
