2852 4004
511 257 579 311 liv
1166 273 1358 312 vx‘rA
1435 272 1984 314 ‘rur-:ocnt‘rnv

514 393 697 456 poetae,
736 375 891 452 idque
927 382 1184 455 pastoralis
1206 395 1240 447 ¹,
1279 386 1463 456 cujus²
1505 385 1733 453 carmina
1766 384 2033 438 Cornelius
2070 379 2250 432 Gallus
2286 374 2564 433 Latinitate

513 463 734 514 donavit.
795 461 992 516 Verum
1033 465 1074 516 is
1103 466 1388 518 Theocrito
1429 467 1689 536 aliquanto
1729 466 1970 537 posterior
2011 473 2174 521 aetate,
2214 472 2271 512 ut
2298 477 2363 511 ex
2387 458 2563 535 Voffio

512 543 722 595 constat.
790 543 962 612 Qre
991 539 1185 597 Pierius
1213 548 1425 598 omnino
1449 546 1792 616 corrigendus,

535 624 702 674 XII.
741 622 863 674 Non
892 625 1037 675 nobis
1074 625 1145 676 est
1173 626 1354 695 volupe
1380 628 1490 678 lites
1532 627 1664 676 inter
1691 625 1913 676 summos
1955 633 2128 694 poetas
2155 619 2391 672 excitare.
2452 617 2565 670 Ve-
2642 694 2644 697 .

512 721 627 754 rum
654 702 706 753 id
742 703 1022 755 omnibus'
1009 722 1063 755 m
1098 705 1318 764 confeffo
1358 707 1445 766 est,
1486 705 1771 757 Theocrito
1808 704 2070 756 nerninem
2112 699 2207 751 esse
2246 698 2464 751 fimilem
2506 699 2563 751 in

509 783 724 854 fimplici
749 801 963 852 genere:
1011 776 1188 855 utpote
1215 786 1306 856 qui
1333 787 1384 836 in
1412 785 1663 836 Bucolicis
1690 785 1886 854 semper
1914 782 2070 834 servet
2097 775 2215 832 Ιὸεοιν
2237 777 2452 851 καθαρῶν,
2483 799 2563 840 καί

507 884 629 914 κατα.
652 862 732 915 τίω
756 871 970 929 avenam
995 864 1328 928 επιπχεςκτίω.
1391 867 1474 917 De
1501 883 1601 935 qua
1635 883 1686 916 re
1717 865 1782 916 sie
1808 863 2067 914 Modicius
2105 861 2240 931 apud
2267 860 2566 912 Pontanum
2595 930 2597 933 ι

508 938 562 993 in
592 943 846 1014 Symbolis
874 945 935 995 ad
961 945 1202 996 Bucolica
1228 945 1450 1014 Virgilii.
1507 955 1542 976 “
1564 944 1800 995 Maxima
1824 943 1930 994 laus
1955 941 2256 1011 Theocrit0‚
2290 940 2430 1010 quod
2457 940 2566 1010 pas-

508 1025 738 1076 toritiam
764 1015 1140 1094 simplicitatem
1164 1024 1404 1076 omnium
1433 1025 1630 1096 optime
1656 1023 1810 1076 fuerit
1849 1021 2078 1073 imitatus
2101 1045 2117 1080 ;
2165 1039 2288 1072 nam
2319 1019 2564 1090 Virgilius

506 1103 786 1157 immiscuit
819 1103 1099 1174 allegorias,
1138 1116 1190 1159 et
1225 1121 1300 1155 res
1341 1105 1459 1156 alias
1484 1104 1742 1174 quasdam,
1783 1122 1896 1173 quae
1934 1101 2181 1170 majorem
2220 1101 2563 1152 eruditionem

507 1196 559 1235 et
584 1183 782 1235 sensum
806 1184 1042 1235 altiorem
1065 1182 1272 1242 habent,
1295 1202 1452 1253 quam
1475 1183 1743 1235 ut'humili
1762 1182 1933 1253 figurae
1956 1182 2228 1233 convenire
2251 1181 2563 1233 videantur.”

505 1264 654 1315 Idem
689 1261 795 1314 fere
821 1262 1046 1314 observat
1073 1263 1428 1332 Hermogenes
1455 1263 1517 1313 de
1543 1261 1843 1320 Theocrito,
1872 1261 1951 1311 his
1971 1259 2151 1312 verbis,
2211 1258 2387 1334 “‘ogch
2413 1261 2494 1310 bem
2517 1278 2568 1310 το

504 1351 677 1410 αφελες
699 1365 771 1402 της
794 1362 972 1410 papan?
1011 1362 1088 1404 και]
1113 1339 1207 1411 μὶιυ
1231 1364 1291 1398 το,
1329 1336 1432 1393 ‘Aahx
1456 1363 1496 1392 τι
1522 1364 1564 1392 π
1590 1334 1866 1411 ψιθυρλισμα,
1890 1361 1968 1402 καφ
1993 1342 2027 1390 ἀ
2052 1361 2198 1399 vrci-uf,
2235 1351 2409 1396 οαπσλε,
2444 1359 2565 1398 ma.

505 1437 589 1485 Koq
612 1445 666 1473 ‘ru
687 1431 833 1473 πολλα,
858 1443 940 1472 των
964 1434 1218 1481 Βεκςλικων,
1256 1425 1328 1471 ἱνα,
1350 1443 1412 1490 μη
1435 1443 1489 1470 πε
1513 1442 1656 1471 mimz
1684 1433 1822 1486 λεγω,
1860 1441 2028 1470 wama
2053 1439 2134 1474 εςι.
2208 1419 2348 1471 Vides
2373 1431 2564 1491 quanta

481 1504 561 1571 stt
577 1501 868 1573 fimplicitas
886 1501 1167 1571 fintentiae‚
1207 1500 1434 1553 Dulcem
1474 1499 1725 1551 susurrum
1763 1511 1814 1551 et
1853 1500 2004 1570 pinus
2043 1499 2151 1560 ista,
2193 1500 2242 1550 O
2271 1499 2438 1570 pastor
2469 1518 2560 1552 ea·-

502 1582 683 1652 prarie.
748 1585 823 1635 Et
858 1581 1093 1651 pleraque
1130 1600 1155 1632 e
1195 1581 1450 1640 Bucolicis,
1490 1599 1548 1632 ne
1588 1579 1740 1632 dicam
1783 1579 1956 1638 omnia,
1996 1580 2125 1649 stcnt
2163 1578 2426 1650 ejusmodi?
2489 1580 2561 1634 Et

501 1661 603 1714 hoc
631 1659 841 1732 quidem
872 1659 1096 1713 Valerius
1134 1659 1329 1711 Probus
1374 1659 1671 1711 observabat
1706 1659 1865 1719 olim3
1908 1668 1945 1691 “
1967 1659 2312 1711 Theocritum
2349 1673 2560 1731 poetam
2595 1666 2599 1667 ⁷

502 1740 700 1796 facilius
728 1739 969 1793 Bucolica
994 1739 1246 1809 scripsiffe,
1285 1739 1405 1810 quia
1432 1740 1563 1808 apud
1590 1738 1795 1790 Graecos
1834 1739 1996 1808 sermo
2023 1740 2327 1792 Rusticanus
2354 1759 2382 1792 a
2402 1742 2561 1795 Civili

497 1821 658 1874 dividi
695 1820 874 1892 potest.
941 1820 1067 1871 ideo
1092 1820 1288 1871 Latinis
1331 1820 1535 1871 difficile
1581 1819 1701 1880 fuit,
1740 1820 1860 1890 quia
1900 1819 2094 1871 necefie
2130 1819 2204 1872 cst
2246 1838 2338 1890 per
2375 1822 2560 1876 eadem
2626 1879 2629 1881 ‚

498 1901 651 1955 verba
693 1901 1080 1952 accommodare
1116 1900 1277 1952 sensus
1299 1901 1367 1950 ³.”
1424 1900 1505 1951 Illi
1532 1899 1706 1951 Musas
1743 1918 1930 1971 nempe
1966 1900 2145 1952 colunt
2178 1900 2461 1964 severioreS,
2500 1915 2561 1956 ut

498 1982 753 2034 Martialis
797 1981 953 2032 canit.
1018 1980 1412 2046 Qintilianus⁴
1437 1980 1720 2050 generalius
1764 1980 2012 2052 loquitur.
2069 1990 2105 2013 “
2130 1981 2463 2036 Admirabilis
2501 1984 2559 2036 in

498 2063 593 2124 suo
623 2079 804 2133 genere
830 2059 1188 2111 Theocritus.''
1245 2061 1316 2111 Et
1357 2060 1410 2110 in
1449 2078 1510 2111 eo
1550 2058 1666 2110 sane
1706 2059 1846 2130 lepos
1875 2062 2088 2132 quidam
2121 2073 2172 2112 et
2199 2060 2430 2114 venustas
2465 2063 2555 2125 est,

499 2159 656 2214 quam
681 2140 864 2211 affequi
892 2140 1144 2192 Latinitas
1185 2140 1465 2210 omnesque
1490 2140 1740 2191 Romanae
1767 2141 1962 2192 Gratiae
1989 2141 2206 2192 minime
2236 2141 2454 2212 pofl‘unt.
2500 2143 2557 2196 si

498 2236 672 2275 tamen
699 2221 754 2272 in
779 2239 838 2272 ea
863 2234 1022 2292 parte,
1063 2221 1232 2290 inquit
1259 2221 1491 2290 Rapinus
1513 2224 1549 2280 ⁵,
1590 2220 1775 2289 dignus
1803 2221 1874 2272 est
1899 2221 2068 2292 aliqua
2093 2219 2195 2273 fide
2219 2220 2438 2284 Gellius,
2464 2223 2558 2297 qui

498 2303 631 2354 libro
675 2319 830 2362 nono,
888 2303 1054 2372 capite
1100 2318 1255 2360 none,
1308 2299 1560 2351 Noctium
1590 2300 1899 2362 Atticarum,
1941 2300 2132 2353 fatetur·
2170 2301 2217 2352 se
2263 2315 2556 2372 expertum.

501 2381 868 2452 “Nuperrime
912 2379 1045 2451 apud
1089 2380 1316 2431 mensam
1359 2397 1481 2431 cum
1528 2379 1817 2449 legerentur
1859 2394 2072 2451 utraque
2114 2381 2261 2435 fimul
2316 2383 2561 2438 Bucolica

498 2461 770 2517 Theocriti
801 2473 852 2514 et
876 2460 1099 2532 Virgilii,
1139 2460 1584 2512 animadvertimus
1622 2460 1871 2532 reliquisse
1897 2462 2197 2533 Virgilium,
2236 2464 2378 2533 quod
2405 2464 2557 2517 Grae-

498 2561 623 2596 cum
647 2542 859 2613 quidem
892 2542 1084 2593 mirum
1110 2560 1268 2611 quam
1296 2539 1440 2593 suave
1463 2541 1552 2601 est,
1579 2542 1707 2593 verti
1736 2555 1909 2595 autem
1935 2561 2101 2615 neque
2131 2543 2310 2597 debuit
2334 2561 2429 2596 nec
2458 2561 2558 2615 po-

497 2624 615 2675 tuit.
617 2624 645 2642 '’
700 2623 854 2675 Certe
878 2620 1192 2673 Theocritus
1230 2621 1363 2672 mihi
1389 2621 1632 2672 videtur‘
1619 2639 1674 2673 m
1708 2640 1769 2674 eo
1809 2610 2048 2695 superasse
2073 2623 2374 2694 Virgilium,
2413 2626 2558 2696 quod

499 2703 704 2754 Doricae
736 2702 922 2773 linguae
947 2701 1328 2772 opportunitate
1365 2701 1495 2760 usuS‚
1535 2718 1639 2770 qua
1674 2703 1836 2756 caruit
1878 2703 1982 2764 ille,
2020 2704 2085 2756 ad
2119 2703 2421 2774 pastorum’
2405 2723 2556 2775 inge-

500 2783 646 2834 nium
670 2783 858 2854 scripsit
881 2783 1048 2833 multo
1073 2783 1234 2855 magis
1267 2781 1651 2833 accommodate
1673 2784 1709 2834 ⁶.
1772 2785 1916 2837 Nam
1953 2797 2013 2836 ut
2054 2796 2233 2848 monet
2257 2783 2561 2842 Demetrius

501 2861 792 2924 Phalereus,
829 2870 865 2896 “
885 2874 1072 2913 Πλωτεα.
1095 2874 1260 2914 mmm
1287 2880 1429 2914 murm
1454 2864 1488 2911 οἱ
1515 2875 1698 2938 Δωςιεις.
1754 2866 1972 2948 Dr‘dublo
2010 2866 2202 2939 latoque
2239 2885 2320 2919 ore
2344 2867 2550 2939 loquun-

558 3026 845 3074 1[Mem0ratur
858 3023 1032 3075 quidem'
1021 3037 1059 3062 m
1072 3023 1219 3071 Eclogis
1232 3023 1390 3070 Virgilii.
1413 3023 1486 3062 Sed
1556 3019 1598 3062 'x.
1631 3026 1791 3076 [Verum
1820 3026 1891 3065 hoc
1919 3030 2052 3068 dicitur
2075 3043 2096 3068 a
2113 3030 2287 3079 Virgilio,
2314 3030 2377 3070 sub
2404 3030 2559 3083 personat
2591 3072 2594 3073 γ

501 3078 627 3117 nullibi
640 3087 736 3129 patet
749 3091 831 3117 eum
846 3077 1052 3128 pastoralem
1069 3087 1213 3130 poetam
1228 3077 1489 3127 fuiffe.Sc1-ip-
1563 3077 1678 3118 Galli.
1717 3080 1774 3118 Ut
1791 3092 1918 3120 notum
1939 3085 2071 3134 pueris.
2077 3084 2095 3132 J

466 3147 468 3149 >
502 3133 543 3169 fit
556 3132 742 3169 amatorias
759 3131 902 3177 elegias,
922 3143 1007 3181 quas
1025 3130 1228 3168 imitabatur
1240 3129 1394 3169 Gallus:
1421 3145 1487 3171 co
1616 3146 1636 3182 3
1666 3132 2355 3179 Vid.Heins.Lest.Theocrit.c.1.

501 3184 666 3228 moedias,
693 3184 829 3234 aliaque
847 3181 1036 3221 nonnulla
1037 3182 1144 3233 epico
1161 3183 1330 3220 carmine.
1335 3184 1352 3233 ]
1614 3196 1641 3234 4
1666 3186 1713 3224 L.
1730 3199 1770 3225 x.
1796 3201 1832 3224 c.
1849 3199 1862 3224 1
1873 3217 1882 3227 .

558 3250 580 3274 2
597 3238 730 3286 ,Qem
754 3246 790 3274 et
806 3235 980 3283 Virgilius
999 3235 1168 3273 videtur'
1159 3237 1329 3274 imitatus.
1367 3236 1423 3275 Ut
1441 3250 1488 3278 ex
1613 3251 1650 3290 ς·
1668 3238 1729 3277 De
1749 3240 1872 3278 Carm.
1895 3242 2056 3281 Pastoral.

502 3289 564 3329 illo
581 3290 779 3340 conjectare
797 3289 897 3336 licet,
914 3289 982 3329 Ibo
999 3298 1035 3329 et
1055 3288 1280 3337 Chalcidico,
1295 3291 1368 3337 ἃς.
1401 3291 1484 3333 Ecl.
1612 3291 1637 3330 6
1665 3291 1758 3333 vid.
1775 3293 1910 3345 Rapin.
1937 3296 2026 3336 ibid.
2053 3310 2091 3348 p.
2111 3298 2200 3338 181.

2447 3410 2545 3453 ΗΟ*
