2852 4004
841 304 1869 386 PRAEFATIO.

320 436 600 503 liothecae
643 433 905 527 publicae
929 445 970 514 ¹,
1019 434 1282 500 alterum
1319 431 1587 522 Collegii
1616 435 1970 503 Emanuelis
1996 447 2015 470 ²
2045 465 2061 502 ε
2121 435 2221 501 sed
2271 458 2398 500 non

323 532 480 593 tanti
512 529 669 595 mihi
702 526 809 594 visi
842 527 981 593 sunt
1015 544 1086 591 ut
1121 526 1486 592 conferrem.

418 621 691 710 Exposui
724 646 860 710 quae
903 618 1059 685 mihi
1101 618 1220 684 fuit
1246 619 1326 684 ad
1354 643 1616 683 manum
1639 622 1817 707 copia
1848 621 2139 686 codicum
2174 645 2398 688 manu-

322 713 710 803 scriptorum.
766 713 1108 802 Agendum
1138 712 1425 801 deinceps
1456 712 1533 775 de
1567 711 1959 793 editionibus,
1993 714 2202 778 saltem
2235 718 2399 803 opti-

312 808 460 886 -miS,
510 823 705 896 poetae
749 806 978 890 nostri:
1036 822 1109 868 ut
1154 803 1426 869 constare
1476 802 1679 892 poffit,
1730 829 1877 871 cum
1909 805 2062 893 quid
2111 805 2226 869 illis
2272 808 2401 873 haec

314 896 528 964 nostra
557 898 859 978 debuerit,
905 915 1043 964 tum
1073 895 1209 988 post
1245 896 1509 962 aliorum
1547 896 1778 962 labores
1808 898 1962 986 quid
2000 921 2110 962 nos
2141 898 2399 965 demum

319 990 793 1081 praestiterimus

416 1083 829 1150 Theocritum
882 1085 1116 1172 primus
1142 1093 1158 1125 ³
1203 1081 1397 1147 edidit
1428 1082 1722 1159 Ve'netiiS,
1790 1081 2108 1147 literarum
2154 1086 2397 1150 Graeca-

254 1183 259 1186 ’
317 1199 462 1242 rum
505 1201 766 1266 magnus
813 1175 917 1243 ille
959 1174 1321 1240 instaurator
1351 1172 1575 1253 Aldus,
1631 1177 1714 1237 A.
1741 1178 1822 1238 D.
1868 1197 2035 1262 1495
2063 1185 2108 1240 4.
2188 1177 2400 1243 Habet

323 1292 397 1334 ea
429 1269 621 1334 editio
667 1271 784 1335 tria
814 1284 877 1334 et
907 1270 1124 1357 viginti
1162 1269 1361 1357 prima
1394 1265 1636 1355 Idyllia,
1687 1290 1928 1330 necnon
1970 1266 2397 1356 trigefimum3

321 1360 564 1426 Moschi
622 1363 811 1442 etiam
862 1378 925 1426 et
970 1362 1173 1425 Bionis
1230 1359 1514 1449 quaedam
1559 1362 1621 1422 T
1626 1356 1945 1424 heocriteis
1999 1363 2395 1428 intermixta:

323 1452 546 1519 additis
605 1453 850 1544 insuper
901 1450 1200 1532 Hefi0d0‚
1259 1450 1650 1540 Theognide,
1724 1451 2083 1540 Phocylide,
2149 1458 2402 1520 Catonis

318 1543 614 1611 Distichis
645 1571 724 1613 ex
754 1551 969 1612 Graeca
998 1543 1370 1635 metaphrasi
1396 1544 1708 1622 PlanudiS,
1757 1561 1821 1609 et
1849 1548 2047 1610 Variis
2081 1550 2401 1612 Sententiis

323 1640 570 1704 Graecis.
651 1639 846 1728 Cujus
880 1639 1136 1728 quidem
1190 1638 1330 1702 libri
1370 1661 1494 1701 non
1533 1636 1857 1701 mediocris
1901 1636 1989 1701 est
2036 1642 2395 1720 auc‘toritas5

319 1754 471 1795 cum
500 1730 558 1796 se
588 1730 743 1798 adeo
772 1729 1024 1796 fidelem
1056 1728 1392 1820 praestiterit
1418 1728 1641 1808 Aldus,
1679 1746 1752 1794 ut
1782 1729 1939 1795 nihil
1968 1733 2157 1795 etiam
2188 1756 2401 1797 emen-

317 1823 573 1903 daverit,
625 1847 703 1888 ne
738 1824 832 1889 vel
873 1826 1209 1888 minimum
1248 1821 1571 1887 discefferit
1612 1847 1648 1886 a
1677 1820 1906 1912 scriptis
1949 1824 2399 1912 exemplaribus

315 1913 430 1981 fibi
466 1915 542 1981 ad
577 1917 1054 2006 exprimendum
1099 1913 1440 2005 propositis.
1518 1915 1708 2002 Qiod
1742 1913 1919 1980 facile
1957 1917 2188 2005 patebit
2236 1943 2401 1982 COL—

317 2033 647 2074 LATtoNEs
713 2008 938 2083 nostras
985 2009 1347 2098 inspicienti.
1443 2009 1639 2072 Paulo
1695 2007 1903 2096 postea
1943 2011 2229 2100 'Juntina,
2280 2009 2400 2075 five

321 2100 699 2181 Florentina,
750 2099 1047 2182 succeflit‚
1113 2100 1341 2166 scilicet
1393 2103 1576 2165 A.D.
1626 2124 1819 2186 1515.
1901 2101 2009 2165 Ad
2056 2125 2193 2166 eam
2253 2103 2402 2192 saepe

311 2212 607 2284 provocat
652 2196 961 2259 Henricus
1021 2193 1379 2283 Stephanus
1467 2191 1731 2257 Videtur
1782 2191 1980 2258 editor
2032 2194 2169 2258 usus
2226 2194 2401 2260 fuiffe

316 2287 632 2352 codicibus
668 2287 865 2367 boniS,
918 2285 1076 2352 forte
1112 2312 1147 2352 e
1179 2284 1565 2352 bibliothecis
1596 2285 1913 2365 MediceiS,
1965 2287 2242 2375 quosque
2272 2312 2402 2352 non

314 2377 679 2445 adhibuerat
714 2379 934 2446 Aldus.
1020 2383 1178 2470 Mox
1219 2403 1383 2446 anno
1429 2377 1725 2468 sequenti,
1778 2376 1857 2444 sc.
1904 2385 2098 2465 1516.
2151 2397 2400 2469 poetam

2339 320 2403 385 ix

369 2557 385 2584 1
418 2545 480 2584 Est
506 2545 580 2592 ibi,¹
601 2546 695 2585 inter
722 2548 904 2599 principes
936 2558 1067 2599 poetas
1088 2546 1243 2586 Graecos
1262 2548 1319 2587 H.
1450 2557 1477 2595 4
1505 2545 1608 2583 Duas
1628 2543 1872 2592 editionesab
1893 2545 1996 2584 Aldo
2023 2547 2255 2585 concinnatas
2283 2546 2400 2594 fuisse,

309 2599 500 2651 Stephani,
528 2600 752 2639 Theocritus
772 2602 810 2639 in
836 2603 1000 2649 margine
1032 2611 1175 2640 notatus
1207 2615 1320 2640 manu
1395 2599 1528 2637 eodem
1558 2609 1679 2636 tamen
1698 2598 1770 2637 hoc
1789 2599 1866 2650 ipso
1891 2613 2001 2644 anno,
2031 2601 2187 2640 credidit
2208 2601 2270 2639 Cl.
2293 2602 2401 2640 Reis-

309 2653 358 2693 Is.
381 2653 600 2694 casauboni.
650 2655 722 2694 Sed
743 2655 833 2694 nihil
857 2657 980 2694 inveni
1001 2655 1103 2708 quod
1131 2668 1207 2693 non
1234 2655 1320 2695 effet
1381 2653 1488 2700 ⁷icius,
1517 2651 1660 2691 Praefat.
1691 2653 1737 2691 ad
1766 2654 1931 2692 Theocr.
1962 2669 1999 2705 p.
2015 2656 2064 2693 vi.
2095 2656 2168 2708 seq.
2215 2656 2403 2694 Verunta-

308 2708 350 2745 in
366 2709 447 2758 ejus
463 2708 700 2747 Leffionibus
721 2709 966 2748 Theocriteis.
1008 2711 1111 2756 Erat,
1138 2709 1178 2747 ni
1197 2709 1317 2758 fallor,
1394 2716 1517 2746 tamen
1550 2707 1588 2744 in
1619 2707 1802 2759 aliquibus
1833 2709 2113 2760 exemplaribus,
2151 2710 2228 2761 post
2261 2710 2402 2750 editum

309 2761 373 2800 ille
391 2761 485 2800 liber
513 2762 696 2813 peculium
724 2764 914 2802 reverendi
939 2763 1141 2802 admodum
1161 2763 1318 2802 dofflffi-
1394 2761 1543 2808 librum,
1572 2761 1656 2798 folia
1682 2762 1870 2806 nonnulla,
1898 2763 1999 2814 quod
2029 2764 2231 2802 admodum
2262 2764 2400 2811 vitiosa,

308 2815 436 2867 mique
475 2816 590 2854 Patris
623 2817 686 2868 Jo.
720 2817 839 2865 Mori,
873 2817 1033 2870 episcopi
1068 2813 1317 2857 Norvicen'fis.
1395 2815 1546 2854 resecuit
1564 2825 1600 2853 et
1619 2815 1801 2854 submovit
1821 2817 1955 2864 Aldus,
1986 2829 2022 2857 et
2048 2819 2116 2856 alia
2135 2819 2172 2856 in
2194 2832 2323 2856 eorum
2343 2820 2401 2857 lo-

309 2869 502 2908 Memorat
519 2870 678 2909 eundem
697 2870 833 2909 librum
847 2872 907 2910 Cl.
930 2871 1233 2918 Montfauconu‘s,
1259 2871 1319 2910 sed
1395 2882 1479 2907 cum
1499 2870 1567 2908 rite
1592 2870 1743 2908 suffecit.
1792 2871 1895 2908 Hinc
1924 2885 2023 2910 error
2043 2883 2156 2911 ortus.
2204 2872 2296 2910 Duo
2324 2874 2403 2912 sunt

308 2922 488 2962 dicit-effe
508 2924 677 2963 editionis
698 2925 1018 2973 Commelinianae,
1044 2924 1173 2975 1604..
1198 2919 1317 2965 Catal.
1396 2923 1629 2975 exemplaria,
1649 2924 1729 2963 ,sed
1746 2925 1887 2963 -eadem
1917 2926 2046 2966 editio.
2103 2925 2194 2965 vid.
2223 2927 2402 2965 Mattairii

297 2977 553 3029 ‹Manuscript.
571 2978 597 3017 i.
626 2991 710 3030 pag.
725 2978 820 3018 688.
1396 2978 1532 3016 Annal.
1556 2979 1730 3030 Typogr.
1752 2979 1783 3017 Ι.
1813 2993 1896 3030 pag.
1914 2992 2005 3032 244·
2051 2981 2221 3032 Uterque
2241 2980 2335 3019 liber
2349 2982 2403 3019 ‘est

369 3043 392 3068 2
419 3031 579 3070 Mutilus
598 3032 704 3071 valde
730 3032 806 3072 est:
840 3041 881 3072 ut
899 3032 1065 3087 pauculas
1091 3031 1233 3073 tantum
1254 3047 1318 3086 pa·
1389 3031 1434 3070 «in
1453 3032 1674 3071 bibliotheca
1694 3033 1903 3071 Bodleiana.
1931 3035 2003 3074 viz.
2028 3047 2132 3073 ART.
2163 3036 2207 3073 F.
2225 3047 2264 3084 4.
2286 3035 2335 3074 ix.
2365 3046 2402 3074 et

309 3083 416 3132 gellae
435 3084 621 3137 supersint.

368 3150 388 3189 3
419 3139 482 3178 Est
508 3140 680 3178 vetustior
706 3139 826 3179 adhuc
854 3140 983 3189 editio,
1014 3155 1125 3193 quam
1155 3154 1230 3179 non
1258 3141 1319 3179 hic

307 3192 559 3238 recensemus
584 3194 760 3247 quoniam
776 3194 938 3245 ejusdem
958 3195 1140 3234 Notitiam
1162 3195 1318 3246 plenissi-

309 3258 427 3294 mam,
461 3259 483 3284 ι
513 3247 576 3286 Cl.
603 3248 870 3287 Sanaamando
901 3249 1133 3301 descriptam,
1170 3249 1319 3287 inferius

307 3298 497 3339 habiturus
515 3314 569 3339 es.
614 3302 758 3341 Moneo
777 3310 900 3341 tamen
925 3303 1011 3351 hoc,
1040 3317 1122 3342 eam
1139 3317 1226 3342 cum
1246 3304 1319 3342 Al-

309 3352 412 3399 dina,
439 3355 551 3393 etiarn
570 3354 684 3403 vitiis,
712 3355 930 3408 plerumque
945 3357 1170 3401 consentire;
1201 3357 1318 3396 Dori-

311 3419 395 3445 cam
413 3417 536 3449 autern
555 3408 749 3451 dialectum
767 3423 1028 3464 nonnunquam
1047 3412 1178 3453 melius
1195 3412 1319 3464 expri-

312 3472 428 3503 mere.

1394 3087 1431 3124 S.
1454 3087 1630 3127 AMAND.
1659 3099 1745 3138 104.
1781 3088 1979 3139 Exemplar
2001 3089 2197 3135 Aldinum,
2223 3089 2325 3141 quod
2343 3103 2401 3128 re-

1391 3140 1542 3192 spondet
1553 3141 1655 3180 alteri
1674 3141 1947 3193 praedifitorum‚
1963 3143 2060 3182 Bibl.
2076 3143 2182 3182 Bodl.
2195 3143 2400 3183 S.Amand.

1399 3207 1488 3246 104.
1516 3196 1686 3235 vitiosum
1719 3209 1868 3248 nempe,
1898 3210 1964 3247 pro
1984 3196 2201 3236 summa-sua
2228 3198 2403 3235 humani-

1396 3259 1482 3294 tate,
1520 3251 1612 3289 mihi
1643 3251 1767 3302 sponte
1802 3251 2053 3290 commodavit
2082 3253 2139 3290 vir
2168 3252 2401 3297 dofrissimus,

1399 3317 1414 3348 J
1431 3316 1453 3341 0
1468 3316 1483 3342 s
1499 3317 1519 3342 E
1532 3317 1554 3342 ι’
1570 3318 1593 3343 11
1606 3318 1633 3343 υ
1651 3320 1666 3343 s
1704 3318 1719 3344 s
1733 3319 1757 3344 A
1771 3318 1795 3344 N
1809 3318 1832 3344 x>
1851 3319 1870 3344 F
1884 3318 1907 3345 0
1921 3319 1943 3344 R
1956 3319 1998 3355 D,
2027 3306 2173 3354 collegii
2194 3305 2402 3345 Baliolenfis

1394 3358 1524 3398 socius.

1532 3545 1567 3583 c
2125 3518 2402 3586 nostrum
