<?xml version="1.0" encoding="UTF-8"?>
<!DOCTYPE html PUBLIC "-//W3C//DTD XHTML 1.0 Transitional//EN"
    "http://www.w3.org/TR/xhtml1/DTD/xhtml1-transitional.dtd">
<html xmlns="http://www.w3.org/1999/xhtml" xml:lang="en" lang="en">
 <head>
  <title>
</title>
<meta http-equiv="Content-Type" content="text/html;charset=utf-8" />
  <meta name='ocr-system' content='tesseract 3.04.00' />
  <meta name='ocr-capabilities' content='ocr_page ocr_carea ocr_par ocr_line ocrx_word'/>
</head>
<body>
  <div class='ocr_page' id='page_1' title='image "./theocritisyracus00theouoft_0069.png"; bbox 0 0 2852 4004; ppageno 0'>
   <div class='ocr_carea' id='block_1_1' title="bbox 675 263 2376 329">
    <p class='ocr_par' dir='ltr' id='par_1_1' title="bbox 675 263 2376 329">
     <span class='ocr_line' id='line_1_1' title="bbox 675 263 2376 329; baseline -0.001 -12"><span class='ocrx_word' id='word_1_1' title='bbox 675 277 887 317; x_wconf 69' lang='lat' dir='ltr'>nni-rto</span> <span class='ocrx_word' id='word_1_2' title='bbox 948 277 1274 319; x_wconf 70' lang='lat' dir='ltr'>Tutocmn</span> <span class='ocrx_word' id='word_1_3' title='bbox 1339 275 1678 329; x_wconf 68' lang='lat' dir='ltr'>AwriQnoR</span> <span class='ocrx_word' id='word_1_4' title='bbox 1742 279 2006 322; x_wconf 69' lang='lat' dir='ltr'>Aroma.</span> <span class='ocrx_word' id='word_1_5' title='bbox 2303 263 2376 317; x_wconf 80' lang='lat' dir='ltr'>lix</span> 
     </span>
    </p>
   </div>
   <div class='ocr_carea' id='block_1_2' title="bbox 293 356 2380 599">
    <p class='ocr_par' dir='ltr' id='par_1_2' title="bbox 293 356 2380 599">
     <span class='ocr_line' id='line_1_2' title="bbox 299 356 2380 415; baseline 0.001 -14"><span class='ocrx_word' id='word_1_6' title='bbox 299 356 567 415; x_wconf 84' lang='lat' dir='ltr'>Repugnabit</span> <span class='ocrx_word' id='word_1_7' title='bbox 579 358 716 406; x_wconf 67' lang='lat' dir='ltr'>forsan</span> <span class='ocrx_word' id='word_1_8' title='bbox 735 359 793 414; x_wconf 48' lang='lat' dir='ltr'>ali„</span> <span class='ocrx_word' id='word_1_9' title='bbox 820 359 899 412; x_wconf 86' lang='lat' dir='ltr'>uis,</span> <span class='ocrx_word' id='word_1_10' title='bbox 923 359 1147 404; x_wconf 81' lang='lat' dir='ltr'>inauditam</span> <span class='ocrx_word' id='word_1_11' title='bbox 1167 360 1307 403; x_wconf 61' lang='lat' dir='ltr'>haete—</span> <span class='ocrx_word' id='word_1_12' title='bbox 1380 357 1491 405; x_wconf 80' lang='lat' dir='ltr'>Aido</span> <span class='ocrx_word' id='word_1_13' title='bbox 1507 371 1556 400; x_wconf 89' lang='lat' dir='ltr'>ea</span> <span class='ocrx_word' id='word_1_14' title='bbox 1571 357 1670 401; x_wconf 79' lang='lat' dir='ltr'>voce</span> <span class='ocrx_word' id='word_1_15' title='bbox 1685 359 1865 407; x_wconf 87' lang='lat' dir='ltr'>denotari</span> <span class='ocrx_word' id='word_1_16' title='bbox 1881 380 1895 412; x_wconf 66' lang='grc' dir='ltr'><strong><em>ς</em></strong></span> <span class='ocrx_word' id='word_1_17' title='bbox 1929 373 1971 405; x_wconf 87' lang='lat' dir='ltr'>et</span> <span class='ocrx_word' id='word_1_18' title='bbox 1989 362 2033 406; x_wconf 88' lang='lat' dir='ltr'>in</span> <span class='ocrx_word' id='word_1_19' title='bbox 2052 360 2148 412; x_wconf 84' lang='lat' dir='ltr'>hoc,</span> <span class='ocrx_word' id='word_1_20' title='bbox 2169 374 2263 405; x_wconf 89' lang='lat' dir='ltr'>eum</span> <span class='ocrx_word' id='word_1_21' title='bbox 2279 360 2380 404; x_wconf 89' lang='lat' dir='ltr'>Vir-</span> 
     </span>
     <span class='ocr_line' id='line_1_3' title="bbox 301 413 2380 474; baseline 0.002 -18"><span class='ocrx_word' id='word_1_22' title='bbox 301 429 397 467; x_wconf 87' lang='lat' dir='ltr'>nus,</span> <span class='ocrx_word' id='word_1_23' title='bbox 427 425 469 459; x_wconf 88' lang='lat' dir='ltr'>et</span> <span class='ocrx_word' id='word_1_24' title='bbox 488 415 602 461; x_wconf 85' lang='lat' dir='ltr'>nulla</span> <span class='ocrx_word' id='word_1_25' title='bbox 620 417 777 461; x_wconf 87' lang='lat' dir='ltr'>ratione</span> <span class='ocrx_word' id='word_1_26' title='bbox 815 417 958 468; x_wconf 88' lang='lat' dir='ltr'>ultam,</span> <span class='ocrx_word' id='word_1_27' title='bbox 987 417 1110 461; x_wconf 88' lang='lat' dir='ltr'>talem</span> <span class='ocrx_word' id='word_1_28' title='bbox 1130 434 1174 457; x_wconf 70' lang='lat' dir='ltr'>vs</span> <span class='ocrx_word' id='word_1_29' title='bbox 1196 417 1309 460; x_wconf 86' lang='lat' dir='ltr'>Eclo-</span> <span class='ocrx_word' id='word_1_30' title='bbox 1410 414 1470 466; x_wconf 87' lang='lat' dir='ltr'>ilii</span> <span class='ocrx_word' id='word_1_31' title='bbox 1495 413 1774 458; x_wconf 62' lang='lat' dir='ltr'>auffloritatem</span> <span class='ocrx_word' id='word_1_32' title='bbox 1794 418 2098 474; x_wconf 89' lang='lat' dir='ltr'>quodammodo</span> <span class='ocrx_word' id='word_1_33' title='bbox 2117 419 2298 463; x_wconf 89' lang='lat' dir='ltr'>secutum</span> <span class='ocrx_word' id='word_1_34' title='bbox 2317 419 2380 460; x_wconf 88' lang='lat' dir='ltr'>vi-</span> 
     </span>
     <span class='ocr_line' id='line_1_4' title="bbox 293 431 2379 539; baseline 0.002 -27"><span class='ocrx_word' id='word_1_35' title='bbox 293 470 361 527; x_wconf 75' lang='lat' dir='ltr'>gis</span> <span class='ocrx_word' id='word_1_36' title='bbox 396 470 761 530; x_wconf 70' lang='lat' dir='ltr'>significationem:</span> <span class='ocrx_word' id='word_1_37' title='bbox 796 474 883 539; x_wconf 64' lang='lat' dir='ltr'>Jam</span> <span class='ocrx_word' id='word_1_38' title='bbox 917 487 967 514; x_wconf 87' lang='lat' dir='ltr'>ue</span> <span class='ocrx_word' id='word_1_39' title='bbox 998 473 1100 519; x_wconf 80' lang='lat' dir='ltr'>adeo</span> <span class='ocrx_word' id='word_1_40' title='bbox 1134 484 1308 518; x_wconf 81' lang='lat' dir='ltr'>conten·</span> <span class='ocrx_word' id='word_1_41' title='bbox 1379 431 1466 514; x_wconf 56' lang='lat' dir='ltr'>§eri</span> <span class='ocrx_word' id='word_1_42' title='bbox 1486 469 1608 536; x_wconf 80' lang='lat' dir='ltr'>posse,</span> <span class='ocrx_word' id='word_1_43' title='bbox 1629 473 1700 528; x_wconf 90' lang='lat' dir='ltr'>qui</span> <span class='ocrx_word' id='word_1_44' title='bbox 1720 471 1915 518; x_wconf 89' lang='lat' dir='ltr'>Bucolica</span> <span class='ocrx_word' id='word_1_45' title='bbox 1933 476 2017 525; x_wconf 90' lang='lat' dir='ltr'>sua,</span> <span class='ocrx_word' id='word_1_46' title='bbox 2038 474 2086 516; x_wconf 91' lang='lat' dir='ltr'>ad</span> <span class='ocrx_word' id='word_1_47' title='bbox 2108 474 2379 517; x_wconf 89' lang='lat' dir='ltr'>imitationem</span> 
     </span>
     <span class='ocr_line' id='line_1_5' title="bbox 302 523 2378 599; baseline 0.002 -30"><span class='ocrx_word' id='word_1_48' title='bbox 302 527 398 573; x_wconf 84' lang='lat' dir='ltr'>dere</span> <span class='ocrx_word' id='word_1_49' title='bbox 424 539 584 588; x_wconf 80' lang='lat' dir='ltr'>perget,</span> <span class='ocrx_word' id='word_1_50' title='bbox 627 523 848 599; x_wconf 74' lang='lat' dir='ltr'>Theocriti</span> <span class='ocrx_word' id='word_1_51' title='bbox 903 529 1027 588; x_wconf 83' lang='lat' dir='ltr'>dyllia</span> <span class='ocrx_word' id='word_1_52' title='bbox 1061 539 1222 582; x_wconf 78' lang='lat' dir='ltr'>tantum</span> <span class='ocrx_word' id='word_1_53' title='bbox 1258 531 1308 574; x_wconf 87' lang='lat' dir='ltr'>ab</span> <span class='ocrx_word' id='word_1_54' title='bbox 1380 527 1622 585; x_wconf 79' lang='lat' dir='ltr'>Idylliorum</span> <span class='ocrx_word' id='word_1_55' title='bbox 1655 529 1874 574; x_wconf 84' lang='lat' dir='ltr'>Theocriti</span> <span class='ocrx_word' id='word_1_56' title='bbox 1901 529 2137 586; x_wconf 73' lang='lat' dir='ltr'>composita,</span> <span class='ocrx_word' id='word_1_57' title='bbox 2169 534 2378 574; x_wconf 66' lang='lat' dir='ltr'>aczooAs</span> 
     </span>
    </p>
   </div>
   <div class='ocr_carea' id='block_1_3' title="bbox 300 688 2397 3473">
    <p class='ocr_par' dir='ltr' id='par_1_3' title="bbox 300 688 2387 1764">
     <span class='ocr_line' id='line_1_6' title="bbox 360 688 2383 747; baseline 0.002 -20"><span class='ocrx_word' id='word_1_58' title='bbox 360 689 444 737; x_wconf 84' lang='lat' dir='ltr'>Ego</span> <span class='ocrx_word' id='word_1_59' title='bbox 474 688 625 746; x_wconf 84' lang='lat' dir='ltr'>quidem</span> <span class='ocrx_word' id='word_1_60' title='bbox 659 699 749 746; x_wconf 87' lang='lat' dir='ltr'>puto</span> <span class='ocrx_word' id='word_1_61' title='bbox 776 689 916 731; x_wconf 80' lang='lat' dir='ltr'>Aldum</span> <span class='ocrx_word' id='word_1_62' title='bbox 949 691 1125 746; x_wconf 82' lang='lat' dir='ltr'>respicere</span> <span class='ocrx_word' id='word_1_63' title='bbox 1157 691 1217 730; x_wconf 91' lang='lat' dir='ltr'>hic</span> <span class='ocrx_word' id='word_1_64' title='bbox 1241 690 1285 734; x_wconf 70' lang='lat' dir='ltr'>ad</span> <span class='ocrx_word' id='word_1_65' title='bbox 1318 689 1411 731; x_wconf 84' lang='lat' dir='ltr'>hane</span> <span class='ocrx_word' id='word_1_66' title='bbox 1441 689 1642 733; x_wconf 83' lang='lat' dir='ltr'>editionem</span> <span class='ocrx_word' id='word_1_67' title='bbox 1671 690 1921 734; x_wconf 70' lang='lat' dir='ltr'>Sanctamandi</span> <span class='ocrx_word' id='word_1_68' title='bbox 1948 695 2081 742; x_wconf 77' lang='lat' dir='ltr'>nostri3</span> <span class='ocrx_word' id='word_1_69' title='bbox 2124 708 2206 747; x_wconf 87' lang='lat' dir='ltr'>quae</span> <span class='ocrx_word' id='word_1_70' title='bbox 2240 699 2383 732; x_wconf 81' lang='lat' dir='ltr'>tantum</span> 
     </span>
     <span class='ocr_line' id='line_1_7' title="bbox 300 743 2381 800; baseline 0.003 -21"><span class='ocrx_word' id='word_1_71' title='bbox 300 743 511 783; x_wconf 70' lang='lat' dir='ltr'>octodecim</span> <span class='ocrx_word' id='word_1_72' title='bbox 535 743 690 782; x_wconf 86' lang='lat' dir='ltr'>habebat</span> <span class='ocrx_word' id='word_1_73' title='bbox 709 743 861 797; x_wconf 75' lang='lat' dir='ltr'>idyllia.</span> <span class='ocrx_word' id='word_1_74' title='bbox 906 745 984 784; x_wconf 84' lang='lat' dir='ltr'>Illis</span> <span class='ocrx_word' id='word_1_75' title='bbox 1003 759 1100 784; x_wconf 89' lang='lat' dir='ltr'>nunc</span> <span class='ocrx_word' id='word_1_76' title='bbox 1134 746 1272 798; x_wconf 85' lang='lat' dir='ltr'>primus</span> <span class='ocrx_word' id='word_1_77' title='bbox 1293 756 1433 784; x_wconf 61' lang='lat' dir='ltr'>nom-r</span> <span class='ocrx_word' id='word_1_78' title='bbox 1456 745 1576 783; x_wconf 84' lang='lat' dir='ltr'>Aldus</span> <span class='ocrx_word' id='word_1_79' title='bbox 1595 744 1790 784; x_wconf 85' lang='lat' dir='ltr'>duodecim</span> <span class='ocrx_word' id='word_1_80' title='bbox 1823 748 1905 794; x_wconf 84' lang='lat' dir='ltr'>alia,</span> <span class='ocrx_word' id='word_1_81' title='bbox 1934 762 2015 800; x_wconf 84' lang='lat' dir='ltr'>quae</span> <span class='ocrx_word' id='word_1_82' title='bbox 2036 759 2140 788; x_wconf 85' lang='lat' dir='ltr'>vocat</span> <span class='ocrx_word' id='word_1_83' title='bbox 2174 761 2381 794; x_wconf 75' lang='lat' dir='ltr'>ECLOGAS,</span> 
     </span>
     <span class='ocr_line' id='line_1_8' title="bbox 300 797 2387 852; baseline 0.002 -19"><span class='ocrx_word' id='word_1_84' title='bbox 300 807 346 835; x_wconf 76' lang='lat' dir='ltr'>ut</span> <span class='ocrx_word' id='word_1_85' title='bbox 373 810 544 837; x_wconf 81' lang='lat' dir='ltr'>numerus</span> <span class='ocrx_word' id='word_1_86' title='bbox 574 797 721 844; x_wconf 86' lang='lat' dir='ltr'>triginta</span> <span class='ocrx_word' id='word_1_87' title='bbox 749 799 1001 839; x_wconf 87' lang='lat' dir='ltr'>conficeretur.</span> <span class='ocrx_word' id='word_1_88' title='bbox 1049 800 1098 838; x_wconf 89' lang='lat' dir='ltr'>Et</span> <span class='ocrx_word' id='word_1_89' title='bbox 1127 799 1291 851; x_wconf 68' lang='lat' dir='ltr'>proseElo</span> <span class='ocrx_word' id='word_1_90' title='bbox 1321 798 1359 836; x_wconf 91' lang='lat' dir='ltr'>in</span> <span class='ocrx_word' id='word_1_91' title='bbox 1379 798 1556 846; x_wconf 83' lang='lat' dir='ltr'>Catalogo</span> <span class='ocrx_word' id='word_1_92' title='bbox 1575 798 1825 846; x_wconf 72' lang='lat' dir='ltr'>Lugdunensis</span> <span class='ocrx_word' id='word_1_93' title='bbox 1846 802 2094 848; x_wconf 66' lang='lat' dir='ltr'>Bibliothecae,</span> <span class='ocrx_word' id='word_1_94' title='bbox 2123 802 2216 840; x_wconf 89' lang='lat' dir='ltr'>forte</span> <span class='ocrx_word' id='word_1_95' title='bbox 2240 803 2286 839; x_wconf 90' lang='lat' dir='ltr'>est</span> <span class='ocrx_word' id='word_1_96' title='bbox 2312 802 2387 852; x_wconf 81' lang='lat' dir='ltr'>ipsa</span> 
     </span>
     <span class='ocr_line' id='line_1_9' title="bbox 303 850 2383 907; baseline 0.001 -19"><span class='ocrx_word' id='word_1_97' title='bbox 303 850 500 889; x_wconf 84' lang='lat' dir='ltr'>Theocriti</span> <span class='ocrx_word' id='word_1_98' title='bbox 530 850 644 891; x_wconf 89' lang='lat' dir='ltr'>editio</span> <span class='ocrx_word' id='word_1_99' title='bbox 663 852 711 890; x_wconf 91' lang='lat' dir='ltr'>de</span> <span class='ocrx_word' id='word_1_100' title='bbox 753 865 798 890; x_wconf 85' lang='lat' dir='ltr'>ua</span> <span class='ocrx_word' id='word_1_101' title='bbox 817 853 876 894; x_wconf 88' lang='lat' dir='ltr'>hic</span> <span class='ocrx_word' id='word_1_102' title='bbox 895 866 916 891; x_wconf 83' lang='lat' dir='ltr'>a</span> <span class='ocrx_word' id='word_1_103' title='bbox 936 853 1200 891; x_wconf 66' lang='lat' dir='ltr'>Sanctamando</span> <span class='ocrx_word' id='word_1_104' title='bbox 1221 851 1412 891; x_wconf 79' lang='lat' dir='ltr'>disseritur.</span> <span class='ocrx_word' id='word_1_105' title='bbox 1461 853 1520 892; x_wconf 89' lang='lat' dir='ltr'>Sic</span> <span class='ocrx_word' id='word_1_106' title='bbox 1545 852 1643 890; x_wconf 90' lang='lat' dir='ltr'>enim</span> <span class='ocrx_word' id='word_1_107' title='bbox 1663 852 1827 899; x_wconf 87' lang='lat' dir='ltr'>habetur,</span> <span class='ocrx_word' id='word_1_108' title='bbox 1858 869 1894 907; x_wconf 89' lang='lat' dir='ltr'>p.</span> <span class='ocrx_word' id='word_1_109' title='bbox 1914 867 2003 906; x_wconf 83' lang='lat'>251.</span> <span class='ocrx_word' id='word_1_110' title='bbox 2052 861 2080 877; x_wconf 81' lang='lat'>‘¹</span> <span class='ocrx_word' id='word_1_111' title='bbox 2094 856 2256 905; x_wconf 66' lang='lat' dir='ltr'>Isocratis</span> <span class='ocrx_word' id='word_1_112' title='bbox 2283 865 2383 906; x_wconf 84' lang='lat' dir='ltr'>opera</span> 
     </span>
     <span class='ocr_line' id='line_1_10' title="bbox 302 904 2380 958; baseline 0.001 -16"><span class='ocrx_word' id='word_1_113' title='bbox 302 912 496 942; x_wconf 79' lang='lat' dir='ltr'>accurante</span> <span class='ocrx_word' id='word_1_114' title='bbox 517 904 697 943; x_wconf 74' lang='lat' dir='ltr'>Demetrio</span> <span class='ocrx_word' id='word_1_115' title='bbox 746 904 962 957; x_wconf 82' lang='lat' dir='ltr'>balcondyla,</span> <span class='ocrx_word' id='word_1_116' title='bbox 992 906 1199 946; x_wconf 83' lang='lat' dir='ltr'>Mediolani.</span> <span class='ocrx_word' id='word_1_117' title='bbox 1224 918 1339 958; x_wconf 86' lang='lat'>¹493·</span> <span class='ocrx_word' id='word_1_118' title='bbox 1359 909 1398 944; x_wconf 84' lang='lat' dir='ltr'>in</span> <span class='ocrx_word' id='word_1_119' title='bbox 1405 906 1481 954; x_wconf 76' lang='lat' dir='ltr'>fil.</span> <span class='ocrx_word' id='word_1_120' title='bbox 1623 906 1767 954; x_wconf 78' lang='lat' dir='ltr'>Eadem,</span> <span class='ocrx_word' id='word_1_121' title='bbox 1797 912 1858 946; x_wconf 83' lang='lat' dir='ltr'>cui.</span> <span class='ocrx_word' id='word_1_122' title='bbox 1872 911 2073 948; x_wconf 68' lang='lat' dir='ltr'>adamitur</span> <span class='ocrx_word' id='word_1_123' title='bbox 2097 921 2380 946; x_wconf 76' lang='lat' dir='ltr'>THEOCRtTUs</span> 
     </span>
     <span class='ocr_line' id='line_1_11' title="bbox 303 953 2385 1011; baseline 0.002 -16"><span class='ocrx_word' id='word_1_124' title='bbox 303 966 339 996; x_wconf 84' lang='lat' dir='ltr'>et</span> <span class='ocrx_word' id='word_1_125' title='bbox 359 953 515 1008; x_wconf 67' lang='lat' dir='ltr'>Hesioilus</span> <span class='ocrx_word' id='word_1_126' title='bbox 538 958 682 1006; x_wconf 76' lang='lat' dir='ltr'>Graece,</span> <span class='ocrx_word' id='word_1_127' title='bbox 709 971 824 1011; x_wconf 79' lang='lat'>1493.</span> <span class='ocrx_word' id='word_1_128' title='bbox 842 961 949 1010; x_wconf 75' lang='lat' dir='ltr'>fil.&#39;&#39;</span> <span class='ocrx_word' id='word_1_129' title='bbox 1006 960 1134 999; x_wconf 80' lang='lat' dir='ltr'>Statim</span> <span class='ocrx_word' id='word_1_130' title='bbox 1164 960 1258 998; x_wconf 83' lang='lat' dir='ltr'>infra</span> <span class='ocrx_word' id='word_1_131' title='bbox 1285 971 1433 1011; x_wconf 87' lang='lat' dir='ltr'>quoque</span> <span class='ocrx_word' id='word_1_132' title='bbox 1465 959 1595 998; x_wconf 87' lang='lat' dir='ltr'>eadem</span> <span class='ocrx_word' id='word_1_133' title='bbox 1622 959 1736 998; x_wconf 87' lang='lat' dir='ltr'>editio</span> <span class='ocrx_word' id='word_1_134' title='bbox 1758 961 1922 1000; x_wconf 89' lang='lat' dir='ltr'>Isocratis</span> <span class='ocrx_word' id='word_1_135' title='bbox 1950 964 2122 1003; x_wconf 86' lang='lat' dir='ltr'>occurrit.</span> <span class='ocrx_word' id='word_1_136' title='bbox 2169 963 2277 1000; x_wconf 89' lang='lat' dir='ltr'>Anne</span> <span class='ocrx_word' id='word_1_137' title='bbox 2305 962 2385 999; x_wconf 89' lang='lat' dir='ltr'>sunt</span> 
     </span>
     <span class='ocr_line' id='line_1_12' title="bbox 305 1011 2383 1065; baseline 0.001 -16"><span class='ocrx_word' id='word_1_138' title='bbox 305 1011 480 1050; x_wconf 78' lang='lat' dir='ltr'>Isocrates</span> <span class='ocrx_word' id='word_1_139' title='bbox 498 1013 562 1050; x_wconf 85' lang='lat' dir='ltr'>iste</span> <span class='ocrx_word' id='word_1_140' title='bbox 581 1021 617 1050; x_wconf 90' lang='lat' dir='ltr'>et</span> <span class='ocrx_word' id='word_1_141' title='bbox 635 1013 859 1052; x_wconf 84' lang='lat' dir='ltr'>Theocritus</span> <span class='ocrx_word' id='word_1_142' title='bbox 875 1013 1036 1064; x_wconf 73' lang='lat' dir='ltr'>ejusdem</span> <span class='ocrx_word' id='word_1_143' title='bbox 1054 1027 1202 1065; x_wconf 88' lang='lat' dir='ltr'>quoque</span> <span class='ocrx_word' id='word_1_144' title='bbox 1219 1013 1438 1064; x_wconf 85' lang='lat' dir='ltr'>typographi</span> <span class='ocrx_word' id='word_1_145' title='bbox 1454 1017 1467 1053; x_wconf 71' lang='grc' dir='ltr'>ἰ</span> <span class='ocrx_word' id='word_1_146' title='bbox 1499 1014 1591 1052; x_wconf 86' lang='lat' dir='ltr'>Sane</span> <span class='ocrx_word' id='word_1_147' title='bbox 1610 1013 1723 1052; x_wconf 90' lang='lat' dir='ltr'>editio</span> <span class='ocrx_word' id='word_1_148' title='bbox 1741 1015 1916 1054; x_wconf 79' lang='lat' dir='ltr'>Isocratea</span> <span class='ocrx_word' id='word_1_149' title='bbox 1936 1016 1985 1053; x_wconf 90' lang='lat' dir='ltr'>ita</span> <span class='ocrx_word' id='word_1_150' title='bbox 2002 1015 2213 1054; x_wconf 82' lang='lat' dir='ltr'>describitur</span> <span class='ocrx_word' id='word_1_151' title='bbox 2231 1029 2250 1053; x_wconf 89' lang='lat' dir='ltr'>a</span> <span class='ocrx_word' id='word_1_152' title='bbox 2266 1016 2383 1053; x_wconf 87' lang='lat' dir='ltr'>Mait-</span> 
     </span>
     <span class='ocr_line' id='line_1_13' title="bbox 302 1065 2384 1118; baseline 0.002 -16"><span class='ocrx_word' id='word_1_153' title='bbox 302 1065 412 1104; x_wconf 81' lang='lat' dir='ltr'>tario.</span> <span class='ocrx_word' id='word_1_154' title='bbox 458 1067 490 1086; x_wconf 90' lang='lat'><strong>“</strong></span> <span class='ocrx_word' id='word_1_155' title='bbox 504 1066 678 1104; x_wconf 81' lang='lat' dir='ltr'>Isocrates</span> <span class='ocrx_word' id='word_1_156' title='bbox 699 1067 834 1106; x_wconf 86' lang='lat' dir='ltr'>Graece</span> <span class='ocrx_word' id='word_1_157' title='bbox 853 1078 1002 1106; x_wconf 80' lang='lat' dir='ltr'>curante</span> <span class='ocrx_word' id='word_1_158' title='bbox 1024 1067 1219 1106; x_wconf 86' lang='lat' dir='ltr'>Demetrio</span> <span class='ocrx_word' id='word_1_159' title='bbox 1238 1066 1507 1118; x_wconf 78' lang='lat' dir='ltr'>ChalcondyIa,</span> <span class='ocrx_word' id='word_1_160' title='bbox 1527 1080 1593 1118; x_wconf 92' lang='lat' dir='ltr'>per</span> <span class='ocrx_word' id='word_1_161' title='bbox 1613 1067 1818 1106; x_wconf 81' lang='lat' dir='ltr'>Henricutn</span> <span class='ocrx_word' id='word_1_162' title='bbox 1838 1069 2065 1108; x_wconf 84' lang='lat' dir='ltr'>Germanum</span> <span class='ocrx_word' id='word_1_163' title='bbox 2086 1080 2122 1108; x_wconf 88' lang='lat' dir='ltr'>et</span> <span class='ocrx_word' id='word_1_164' title='bbox 2142 1069 2384 1107; x_wconf 77' lang='lat' dir='ltr'>Sebastianum</span> 
     </span>
     <span class='ocr_line' id='line_1_14' title="bbox 301 1119 2384 1173; baseline 0.002 -17"><span class='ocrx_word' id='word_1_165' title='bbox 301 1124 335 1141; x_wconf 74' lang='lat'>¹⁴</span> <span class='ocrx_word' id='word_1_166' title='bbox 349 1131 396 1157; x_wconf 85' lang='lat' dir='ltr'>ex</span> <span class='ocrx_word' id='word_1_167' title='bbox 416 1119 669 1166; x_wconf 84' lang='lat' dir='ltr'>Pontremuio,</span> <span class='ocrx_word' id='word_1_168' title='bbox 689 1120 890 1173; x_wconf 86' lang='lat' dir='ltr'>sumptibus</span> <span class='ocrx_word' id='word_1_169' title='bbox 913 1121 1172 1160; x_wconf 86' lang='lat' dir='ltr'>Bartholomaei</span> <span class='ocrx_word' id='word_1_170' title='bbox 1192 1121 1312 1173; x_wconf 83' lang='lat' dir='ltr'>Scyafi</span> <span class='ocrx_word' id='word_1_171' title='bbox 1329 1131 1366 1159; x_wconf 87' lang='lat' dir='ltr'>et</span> <span class='ocrx_word' id='word_1_172' title='bbox 1387 1121 1578 1160; x_wconf 85' lang='lat' dir='ltr'>Vincentii</span> <span class='ocrx_word' id='word_1_173' title='bbox 1604 1121 1826 1172; x_wconf 87' lang='lat' dir='ltr'>Halipreuti,</span> <span class='ocrx_word' id='word_1_174' title='bbox 1850 1123 2108 1162; x_wconf 86' lang='lat' dir='ltr'>Bartholomaei</span> <span class='ocrx_word' id='word_1_175' title='bbox 2129 1123 2286 1162; x_wconf 87' lang='lat' dir='ltr'>Zozani.</span> <span class='ocrx_word' id='word_1_176' title='bbox 2317 1123 2384 1160; x_wconf 88' lang='lat' dir='ltr'>sol.</span> 
     </span>
     <span class='ocr_line' id='line_1_15' title="bbox 304 1172 2385 1228; baseline 0.001 -17"><span class='ocrx_word' id='word_1_177' title='bbox 304 1176 337 1195; x_wconf 80' lang='grc'><strong><em>“</em></strong></span> <span class='ocrx_word' id='word_1_178' title='bbox 354 1172 561 1213; x_wconf 79' lang='lat' dir='ltr'>Mediolan.</span> <span class='ocrx_word' id='word_1_179' title='bbox 589 1175 737 1225; x_wconf 83' lang='lat'>1493.”</span> <span class='ocrx_word' id='word_1_180' title='bbox 775 1175 919 1228; x_wconf 70' lang='lat' dir='ltr'>Quibus</span> <span class='ocrx_word' id='word_1_181' title='bbox 939 1175 1158 1214; x_wconf 65' lang='lat' dir='ltr'>subnectitur</span> <span class='ocrx_word' id='word_1_182' title='bbox 1176 1175 1255 1215; x_wconf 84' lang='lat' dir='ltr'>haec</span> <span class='ocrx_word' id='word_1_183' title='bbox 1275 1185 1361 1213; x_wconf 88' lang='lat' dir='ltr'>nota</span> <span class='ocrx_word' id='word_1_184' title='bbox 1380 1188 1399 1212; x_wconf 91' lang='lat' dir='ltr'>a</span> <span class='ocrx_word' id='word_1_185' title='bbox 1422 1175 1625 1213; x_wconf 87' lang='lat' dir='ltr'>Mattairio.</span> <span class='ocrx_word' id='word_1_186' title='bbox 1663 1178 1691 1196; x_wconf 93' lang='lat'><strong>“</strong></span> <span class='ocrx_word' id='word_1_187' title='bbox 1708 1187 1773 1224; x_wconf 85' lang='lat'>24·</span> <span class='ocrx_word' id='word_1_188' title='bbox 1796 1176 1879 1226; x_wconf 85' lang='lat' dir='ltr'>Jan.</span> <span class='ocrx_word' id='word_1_189' title='bbox 1924 1176 1970 1215; x_wconf 90' lang='lat' dir='ltr'>Id</span> <span class='ocrx_word' id='word_1_190' title='bbox 1989 1187 2161 1227; x_wconf 85' lang='lat' dir='ltr'>praeterea</span> <span class='ocrx_word' id='word_1_191' title='bbox 2177 1176 2326 1215; x_wconf 87' lang='lat' dir='ltr'>notand.</span> <span class='ocrx_word' id='word_1_192' title='bbox 2347 1177 2385 1213; x_wconf 89' lang='lat' dir='ltr'>in</span> 
     </span>
     <span class='ocr_line' id='line_1_16' title="bbox 302 1226 2382 1281; baseline 0.002 -17"><span class='ocrx_word' id='word_1_193' title='bbox 302 1229 337 1247; x_wconf 72' lang='lat'>‘⁸</span> <span class='ocrx_word' id='word_1_194' title='bbox 351 1226 450 1265; x_wconf 77' lang='lat' dir='ltr'>calce</span> <span class='ocrx_word' id='word_1_195' title='bbox 479 1227 563 1266; x_wconf 87' lang='lat' dir='ltr'>libri</span> <span class='ocrx_word' id='word_1_196' title='bbox 581 1226 733 1267; x_wconf 85' lang='lat' dir='ltr'>describi</span> <span class='ocrx_word' id='word_1_197' title='bbox 759 1229 1066 1281; x_wconf 76' lang='lat' dir='ltr'>typographicam</span> <span class='ocrx_word' id='word_1_198' title='bbox 1081 1229 1289 1279; x_wconf 87' lang='lat' dir='ltr'>symbolum</span> <span class='ocrx_word' id='word_1_199' title='bbox 1307 1242 1392 1267; x_wconf 89' lang='lat' dir='ltr'>cum</span> <span class='ocrx_word' id='word_1_200' title='bbox 1413 1228 1524 1267; x_wconf 86' lang='lat' dir='ltr'>literis</span> <span class='ocrx_word' id='word_1_201' title='bbox 1544 1229 1599 1268; x_wconf 81' lang='lat' dir='ltr'>V.</span> <span class='ocrx_word' id='word_1_202' title='bbox 1617 1229 1656 1267; x_wconf 88' lang='lat' dir='ltr'>S.</span> <span class='ocrx_word' id='word_1_203' title='bbox 1703 1230 1789 1278; x_wconf 80' lang='lat' dir='ltr'>Quo</span> <span class='ocrx_word' id='word_1_204' title='bbox 1807 1229 1971 1280; x_wconf 90' lang='lat' dir='ltr'>symbolo</span> <span class='ocrx_word' id='word_1_205' title='bbox 1991 1231 2088 1268; x_wconf 89' lang='lat' dir='ltr'>usum</span> <span class='ocrx_word' id='word_1_206' title='bbox 2111 1230 2210 1268; x_wconf 84' lang='lat' dir='ltr'>fuiffe</span> <span class='ocrx_word' id='word_1_207' title='bbox 2230 1230 2382 1269; x_wconf 86' lang='lat' dir='ltr'>Ulderi-</span> 
     </span>
     <span class='ocr_line' id='line_1_17' title="bbox 306 1280 2384 1335; baseline 0.001 -17"><span class='ocrx_word' id='word_1_208' title='bbox 306 1283 335 1301; x_wconf 90' lang='lat'><strong>“</strong></span> <span class='ocrx_word' id='word_1_209' title='bbox 349 1293 436 1319; x_wconf 90' lang='lat' dir='ltr'>cum</span> <span class='ocrx_word' id='word_1_210' title='bbox 456 1280 710 1321; x_wconf 84' lang='lat' dir='ltr'>Scinzenzeler</span> <span class='ocrx_word' id='word_1_211' title='bbox 741 1283 937 1321; x_wconf 89' lang='lat' dir='ltr'>observo.&#39;‘</span> <span class='ocrx_word' id='word_1_212' title='bbox 983 1283 1118 1322; x_wconf 85' lang='lat' dir='ltr'>Annal.</span> <span class='ocrx_word' id='word_1_213' title='bbox 1137 1283 1310 1334; x_wconf 81' lang='lat' dir='ltr'>Typogr.</span> <span class='ocrx_word' id='word_1_214' title='bbox 1332 1283 1452 1321; x_wconf 87' lang='lat' dir='ltr'>Tom.</span> <span class='ocrx_word' id='word_1_215' title='bbox 1467 1283 1496 1320; x_wconf 88' lang='lat' dir='ltr'>i.</span> <span class='ocrx_word' id='word_1_216' title='bbox 1523 1295 1599 1335; x_wconf 89' lang='lat' dir='ltr'>par.</span> <span class='ocrx_word' id='word_1_217' title='bbox 1619 1283 1659 1322; x_wconf 90' lang='lat' dir='ltr'>ii.</span> <span class='ocrx_word' id='word_1_218' title='bbox 1685 1296 1724 1334; x_wconf 88' lang='lat' dir='ltr'>p.</span> <span class='ocrx_word' id='word_1_219' title='bbox 1740 1289 1832 1334; x_wconf 86' lang='grc'><strong><em>559.</em></strong></span> <span class='ocrx_word' id='word_1_220' title='bbox 1880 1284 1986 1322; x_wconf 88' lang='lat' dir='ltr'>Idem</span> <span class='ocrx_word' id='word_1_221' title='bbox 2008 1284 2094 1321; x_wconf 88' lang='lat' dir='ltr'>alibi</span> <span class='ocrx_word' id='word_1_222' title='bbox 2121 1283 2228 1322; x_wconf 85' lang='lat' dir='ltr'>tradit</span> <span class='ocrx_word' id='word_1_223' title='bbox 2247 1284 2293 1321; x_wconf 91' lang='lat' dir='ltr'>de</span> <span class='ocrx_word' id='word_1_224' title='bbox 2314 1285 2384 1321; x_wconf 92' lang='lat' dir='ltr'>hac</span> 
     </span>
     <span class='ocr_line' id='line_1_18' title="bbox 305 1333 2387 1390; baseline 0.001 -18"><span class='ocrx_word' id='word_1_225' title='bbox 305 1333 467 1375; x_wconf 74' lang='lat' dir='ltr'>editione</span> <span class='ocrx_word' id='word_1_226' title='bbox 485 1333 666 1374; x_wconf 83' lang='lat' dir='ltr'>Isocratis.</span> <span class='ocrx_word' id='word_1_227' title='bbox 717 1337 875 1376; x_wconf 87' lang='lat' dir='ltr'>“Hunc</span> <span class='ocrx_word' id='word_1_228' title='bbox 903 1337 1097 1376; x_wconf 86' lang='lat' dir='ltr'>Isocratem</span> <span class='ocrx_word' id='word_1_229' title='bbox 1123 1336 1194 1375; x_wconf 83' lang='lat' dir='ltr'>effe</span> <span class='ocrx_word' id='word_1_230' title='bbox 1225 1336 1358 1375; x_wconf 89' lang='lat' dir='ltr'>eodem</span> <span class='ocrx_word' id='word_1_231' title='bbox 1382 1337 1584 1374; x_wconf 66' lang='lat' dir='ltr'>charaffiere</span> <span class='ocrx_word' id='word_1_232' title='bbox 1610 1349 1686 1387; x_wconf 89' lang='lat' dir='ltr'>quo</span> <span class='ocrx_word' id='word_1_233' title='bbox 1706 1344 1896 1389; x_wconf 71' lang='grc' dir='ltr'><strong><em>Δημητςιου</em></strong></span> <span class='ocrx_word' id='word_1_234' title='bbox 1916 1334 2149 1383; x_wconf 55' lang='grc' dir='ltr'>Χαλιφνὲυλου</span> <span class='ocrx_word' id='word_1_235' title='bbox 2168 1345 2387 1390; x_wconf 60' lang='lat' dir='ltr'>Ego-mptum</span> 
     </span>
     <span class='ocr_line' id='line_1_19' title="bbox 302 1386 2384 1442; baseline 0.002 -17"><span class='ocrx_word' id='word_1_236' title='bbox 302 1386 541 1435; x_wconf 63' lang='lat' dir='ltr'>“ci-mmor‘ingqe¹</span> <span class='ocrx_word' id='word_1_237' title='bbox 569 1391 640 1428; x_wconf 71' lang='grc' dir='ltr'><strong><em>ὅτε.</em></strong></span> <span class='ocrx_word' id='word_1_238' title='bbox 669 1388 768 1428; x_wconf 84' lang='lat' dir='ltr'>&amp;c.&#39;&#39;</span> <span class='ocrx_word' id='word_1_239' title='bbox 809 1390 908 1430; x_wconf 87' lang='lat' dir='ltr'>Ibid.</span> <span class='ocrx_word' id='word_1_240' title='bbox 938 1391 1056 1429; x_wconf 85' lang='lat' dir='ltr'>Tom.</span> <span class='ocrx_word' id='word_1_241' title='bbox 1074 1390 1100 1428; x_wconf 90' lang='lat' dir='ltr'>i.</span> <span class='ocrx_word' id='word_1_242' title='bbox 1129 1391 1210 1430; x_wconf 83' lang='lat' dir='ltr'>Par.</span> <span class='ocrx_word' id='word_1_243' title='bbox 1227 1391 1267 1429; x_wconf 88' lang='lat' dir='ltr'>ii.</span> <span class='ocrx_word' id='word_1_244' title='bbox 1295 1403 1379 1442; x_wconf 83' lang='lat' dir='ltr'>pag.</span> <span class='ocrx_word' id='word_1_245' title='bbox 1396 1402 1488 1441; x_wconf 81' lang='grc'><strong><em>753.</em></strong></span> <span class='ocrx_word' id='word_1_246' title='bbox 1536 1390 1597 1428; x_wconf 85' lang='lat' dir='ltr'>Est</span> <span class='ocrx_word' id='word_1_247' title='bbox 1626 1390 1687 1428; x_wconf 89' lang='lat' dir='ltr'>ille</span> <span class='ocrx_word' id='word_1_248' title='bbox 1714 1391 1865 1442; x_wconf 88' lang='lat' dir='ltr'>quidem</span> <span class='ocrx_word' id='word_1_249' title='bbox 1889 1391 1981 1430; x_wconf 89' lang='lat' dir='ltr'>liber</span> <span class='ocrx_word' id='word_1_250' title='bbox 1999 1391 2180 1430; x_wconf 88' lang='lat' dir='ltr'>Demetrii</span> <span class='ocrx_word' id='word_1_251' title='bbox 2199 1391 2384 1429; x_wconf 65' lang='lat' dir='ltr'>chaicon-</span> 
     </span>
     <span class='ocr_line' id='line_1_20' title="bbox 309 1441 2382 1496; baseline 0.001 -17"><span class='ocrx_word' id='word_1_252' title='bbox 309 1441 406 1493; x_wconf 82' lang='lat' dir='ltr'>dylae</span> <span class='ocrx_word' id='word_1_253' title='bbox 435 1442 473 1480; x_wconf 93' lang='lat' dir='ltr'>in</span> <span class='ocrx_word' id='word_1_254' title='bbox 501 1442 710 1496; x_wconf 83' lang='lat' dir='ltr'>ampliflima</span> <span class='ocrx_word' id='word_1_255' title='bbox 730 1443 971 1492; x_wconf 87' lang='lat' dir='ltr'>Bibliotheca,</span> <span class='ocrx_word' id='word_1_256' title='bbox 1001 1444 1089 1482; x_wconf 90' lang='lat' dir='ltr'>olim</span> <span class='ocrx_word' id='word_1_257' title='bbox 1111 1444 1431 1489; x_wconf 86' lang='lat' dir='ltr'>Sunderlandiana,</span> <span class='ocrx_word' id='word_1_258' title='bbox 1460 1443 1664 1482; x_wconf 85' lang='lat' dir='ltr'>nobiliffimi</span> <span class='ocrx_word' id='word_1_259' title='bbox 1685 1444 1803 1483; x_wconf 83' lang='lat' dir='ltr'>Ducis</span> <span class='ocrx_word' id='word_1_260' title='bbox 1830 1445 1879 1483; x_wconf 89' lang='lat' dir='ltr'>de</span> <span class='ocrx_word' id='word_1_261' title='bbox 1899 1444 2202 1491; x_wconf 87' lang='lat' dir='ltr'>Marleborough,</span> <span class='ocrx_word' id='word_1_262' title='bbox 2230 1444 2268 1482; x_wconf 89' lang='lat' dir='ltr'>in</span> <span class='ocrx_word' id='word_1_263' title='bbox 2296 1446 2382 1485; x_wconf 85' lang='lat' dir='ltr'>aedi·</span> 
     </span>
     <span class='ocr_line' id='line_1_21' title="bbox 304 1493 2382 1549; baseline 0.002 -16"><span class='ocrx_word' id='word_1_264' title='bbox 304 1495 373 1537; x_wconf 80' lang='lat' dir='ltr'>bus</span> <span class='ocrx_word' id='word_1_265' title='bbox 394 1495 678 1535; x_wconf 87' lang='lat' dir='ltr'>Blenhemianis.</span> <span class='ocrx_word' id='word_1_266' title='bbox 724 1498 895 1537; x_wconf 90' lang='lat' dir='ltr'>Eundem</span> <span class='ocrx_word' id='word_1_267' title='bbox 921 1511 1069 1549; x_wconf 91' lang='lat' dir='ltr'>quoque</span> <span class='ocrx_word' id='word_1_268' title='bbox 1089 1497 1180 1543; x_wconf 89' lang='lat' dir='ltr'>vidi,</span> <span class='ocrx_word' id='word_1_269' title='bbox 1211 1499 1248 1537; x_wconf 91' lang='lat' dir='ltr'>ni</span> <span class='ocrx_word' id='word_1_270' title='bbox 1274 1498 1392 1544; x_wconf 89' lang='lat' dir='ltr'>fallor,</span> <span class='ocrx_word' id='word_1_271' title='bbox 1421 1497 1458 1535; x_wconf 89' lang='lat' dir='ltr'>in</span> <span class='ocrx_word' id='word_1_272' title='bbox 1486 1493 1706 1536; x_wconf 84' lang='lat' dir='ltr'>bibliotheca</span> <span class='ocrx_word' id='word_1_273' title='bbox 1731 1499 1876 1546; x_wconf 85' lang='lat' dir='ltr'>collegii</span> <span class='ocrx_word' id='word_1_274' title='bbox 1897 1498 2106 1537; x_wconf 82' lang='lat' dir='ltr'>Emanuelis</span> <span class='ocrx_word' id='word_1_275' title='bbox 2127 1498 2382 1545; x_wconf 84' lang='lat' dir='ltr'>Cantabrigiae.</span> 
     </span>
     <span class='ocr_line' id='line_1_22' title="bbox 305 1549 2382 1602; baseline 0.001 -14"><span class='ocrx_word' id='word_1_276' title='bbox 305 1549 423 1588; x_wconf 81' lang='lat' dir='ltr'>Porro</span> <span class='ocrx_word' id='word_1_277' title='bbox 453 1562 656 1589; x_wconf 87' lang='lat' dir='ltr'>memorare</span> <span class='ocrx_word' id='word_1_278' title='bbox 687 1551 834 1590; x_wconf 77' lang='lat' dir='ltr'>videtur</span> <span class='ocrx_word' id='word_1_279' title='bbox 861 1552 946 1590; x_wconf 85' lang='lat' dir='ltr'>aiibi</span> <span class='ocrx_word' id='word_1_280' title='bbox 974 1552 1195 1590; x_wconf 85' lang='lat' dir='ltr'>Maittairius</span> <span class='ocrx_word' id='word_1_281' title='bbox 1224 1552 1315 1590; x_wconf 89' lang='lat' dir='ltr'>hanc</span> <span class='ocrx_word' id='word_1_282' title='bbox 1351 1552 1462 1602; x_wconf 85' lang='lat' dir='ltr'>ipsam</span> <span class='ocrx_word' id='word_1_283' title='bbox 1492 1551 1538 1590; x_wconf 88' lang='lat' dir='ltr'>de</span> <span class='ocrx_word' id='word_1_284' title='bbox 1565 1565 1636 1602; x_wconf 89' lang='lat' dir='ltr'>qua</span> <span class='ocrx_word' id='word_1_285' title='bbox 1665 1553 1796 1600; x_wconf 89' lang='lat' dir='ltr'>agitur,</span> <span class='ocrx_word' id='word_1_286' title='bbox 1825 1552 2024 1590; x_wconf 88' lang='lat' dir='ltr'>editionem</span> <span class='ocrx_word' id='word_1_287' title='bbox 2052 1552 2262 1590; x_wconf 88' lang='lat' dir='ltr'>Theocriti.</span> <span class='ocrx_word' id='word_1_288' title='bbox 2308 1554 2382 1591; x_wconf 89' lang='lat' dir='ltr'>viz.</span> 
     </span>
     <span class='ocr_line' id='line_1_23' title="bbox 300 1601 2386 1658; baseline 0 -16"><span class='ocrx_word' id='word_1_289' title='bbox 300 1605 337 1623; x_wconf 69' lang='lat'>&#39;⁸</span> <span class='ocrx_word' id='word_1_290' title='bbox 353 1601 550 1643; x_wconf 86' lang='lat' dir='ltr'>Theocriti</span> <span class='ocrx_word' id='word_1_291' title='bbox 566 1603 700 1655; x_wconf 88' lang='lat' dir='ltr'>Idyllia</span> <span class='ocrx_word' id='word_1_292' title='bbox 719 1605 823 1645; x_wconf 76' lang='lat' dir='ltr'>xviii.</span> <span class='ocrx_word' id='word_1_293' title='bbox 858 1605 1014 1646; x_wconf 76' lang='lat' dir='ltr'>Hesiodi</span> <span class='ocrx_word' id='word_1_294' title='bbox 1046 1619 1154 1658; x_wconf 89' lang='lat' dir='ltr'>opera</span> <span class='ocrx_word' id='word_1_295' title='bbox 1179 1616 1215 1644; x_wconf 89' lang='lat' dir='ltr'>et</span> <span class='ocrx_word' id='word_1_296' title='bbox 1239 1606 1331 1644; x_wconf 88' lang='lat' dir='ltr'>Dies</span> <span class='ocrx_word' id='word_1_297' title='bbox 1352 1606 1499 1643; x_wconf 85' lang='lat' dir='ltr'>Graece.</span> <span class='ocrx_word' id='word_1_298' title='bbox 1547 1605 1708 1651; x_wconf 85' lang='lat' dir='ltr'>Eodem,</span> <span class='ocrx_word' id='word_1_299' title='bbox 1737 1606 1802 1644; x_wconf 85' lang='lat' dir='ltr'>nifi</span> <span class='ocrx_word' id='word_1_300' title='bbox 1821 1606 1940 1653; x_wconf 83' lang='lat' dir='ltr'>fallor,</span> <span class='ocrx_word' id='word_1_301' title='bbox 1967 1606 2044 1644; x_wconf 89' lang='lat' dir='ltr'>fere</span> <span class='ocrx_word' id='word_1_302' title='bbox 2063 1605 2279 1651; x_wconf 74' lang='lat' dir='ltr'>charaCtere,</span> <span class='ocrx_word' id='word_1_303' title='bbox 2309 1619 2386 1656; x_wconf 91' lang='lat' dir='ltr'>quo</span> 
     </span>
     <span class='ocr_line' id='line_1_24' title="bbox 300 1657 2387 1713; baseline 0 -16"><span class='ocrx_word' id='word_1_304' title='bbox 300 1659 336 1678; x_wconf 62' lang='lat'>‘⁸‘</span> <span class='ocrx_word' id='word_1_305' title='bbox 349 1657 542 1697; x_wconf 80' lang='lat' dir='ltr'>excuditur</span> <span class='ocrx_word' id='word_1_306' title='bbox 557 1658 730 1709; x_wconf 86' lang='lat' dir='ltr'>Orpheus</span> <span class='ocrx_word' id='word_1_307' title='bbox 748 1658 778 1698; x_wconf 86' lang='lat' dir='ltr'>F</span> <span class='ocrx_word' id='word_1_308' title='bbox 780 1660 958 1707; x_wconf 85' lang='lat' dir='ltr'>lorentiae,</span> <span class='ocrx_word' id='word_1_309' title='bbox 982 1671 1098 1713; x_wconf 77' lang='lat'>1500.</span> <span class='ocrx_word' id='word_1_310' title='bbox 1118 1659 1215 1699; x_wconf 86' lang='lat' dir='ltr'>f01.”</span> <span class='ocrx_word' id='word_1_311' title='bbox 1242 1660 1342 1698; x_wconf 73' lang='lat' dir='ltr'>Inttr</span> <span class='ocrx_word' id='word_1_312' title='bbox 1354 1658 1480 1699; x_wconf 81' lang='lat' dir='ltr'>Libros</span> <span class='ocrx_word' id='word_1_313' title='bbox 1496 1662 1582 1698; x_wconf 83' lang='lat' dir='ltr'>anni</span> <span class='ocrx_word' id='word_1_314' title='bbox 1601 1668 1635 1697; x_wconf 81' lang='lat' dir='ltr'>et</span> <span class='ocrx_word' id='word_1_315' title='bbox 1649 1658 1869 1712; x_wconf 76' lang='lat' dir='ltr'>Typographi</span> <span class='ocrx_word' id='word_1_316' title='bbox 1885 1661 2014 1698; x_wconf 85' lang='lat' dir='ltr'>indicio</span> <span class='ocrx_word' id='word_1_317' title='bbox 2031 1659 2221 1709; x_wconf 58' lang='lat' dir='ltr'>destitutos.</span> <span class='ocrx_word' id='word_1_318' title='bbox 2249 1659 2387 1698; x_wconf 87' lang='lat' dir='ltr'>Annal.</span> 
     </span>
     <span class='ocr_line' id='line_1_25' title="bbox 305 1710 1054 1764; baseline 0.004 -15"><span class='ocrx_word' id='word_1_319' title='bbox 305 1710 480 1763; x_wconf 80' lang='lat' dir='ltr'>Typogr.</span> <span class='ocrx_word' id='word_1_320' title='bbox 502 1711 623 1751; x_wconf 72' lang='lat' dir='ltr'>Tora.</span> <span class='ocrx_word' id='word_1_321' title='bbox 639 1712 665 1751; x_wconf 86' lang='lat' dir='ltr'>i.</span> <span class='ocrx_word' id='word_1_322' title='bbox 693 1726 772 1764; x_wconf 88' lang='lat' dir='ltr'>par.</span> <span class='ocrx_word' id='word_1_323' title='bbox 787 1713 828 1752; x_wconf 89' lang='lat' dir='ltr'>ii.</span> <span class='ocrx_word' id='word_1_324' title='bbox 858 1727 940 1764; x_wconf 86' lang='lat' dir='ltr'>pag.</span> <span class='ocrx_word' id='word_1_325' title='bbox 961 1713 1054 1764; x_wconf 89' lang='grc'><strong><em>765.</em></strong></span> 
     </span>
    </p>

    <p class='ocr_par' dir='ltr' id='par_1_4' title="bbox 301 1764 2397 3473">
     <span class='ocr_line' id='line_1_26' title="bbox 360 1764 2387 1819; baseline 0 -16"><span class='ocrx_word' id='word_1_326' title='bbox 360 1765 458 1803; x_wconf 85' lang='lat' dir='ltr'>Cum</span> <span class='ocrx_word' id='word_1_327' title='bbox 478 1778 566 1803; x_wconf 86' lang='lat' dir='ltr'>vero</span> <span class='ocrx_word' id='word_1_328' title='bbox 585 1764 640 1804; x_wconf 87' lang='lat' dir='ltr'>de·</span> <span class='ocrx_word' id='word_1_329' title='bbox 652 1766 844 1805; x_wconf 87' lang='lat' dir='ltr'>rarioribus</span> <span class='ocrx_word' id='word_1_330' title='bbox 864 1767 958 1805; x_wconf 89' lang='lat' dir='ltr'>hisce</span> <span class='ocrx_word' id='word_1_331' title='bbox 983 1767 1098 1812; x_wconf 85' lang='lat' dir='ltr'>libris,</span> <span class='ocrx_word' id='word_1_332' title='bbox 1127 1765 1321 1819; x_wconf 87' lang='lat' dir='ltr'>praesertim</span> <span class='ocrx_word' id='word_1_333' title='bbox 1343 1766 1406 1818; x_wconf 90' lang='lat' dir='ltr'>qui</span> <span class='ocrx_word' id='word_1_334' title='bbox 1430 1767 1584 1818; x_wconf 71' lang='lat' dir='ltr'>spcftant</span> <span class='ocrx_word' id='word_1_335' title='bbox 1604 1766 1674 1804; x_wconf 89' lang='lat' dir='ltr'>hoc</span> <span class='ocrx_word' id='word_1_336' title='bbox 1703 1767 1864 1806; x_wconf 86' lang='lat' dir='ltr'>nostrum</span> <span class='ocrx_word' id='word_1_337' title='bbox 1892 1767 2106 1812; x_wconf 82' lang='lat' dir='ltr'>institutum,</span> <span class='ocrx_word' id='word_1_338' title='bbox 2135 1766 2326 1805; x_wconf 76' lang='lat' dir='ltr'>disserendi</span> <span class='ocrx_word' id='word_1_339' title='bbox 2353 1766 2387 1804; x_wconf 87' lang='lat' dir='ltr'>se</span> 
     </span>
     <span class='ocr_line' id='line_1_27' title="bbox 309 1817 2390 1872; baseline 0.001 -17"><span class='ocrx_word' id='word_1_340' title='bbox 309 1817 413 1856; x_wconf 85' lang='lat' dir='ltr'>locus</span> <span class='ocrx_word' id='word_1_341' title='bbox 431 1817 588 1864; x_wconf 81' lang='lat' dir='ltr'>obtulit3</span> <span class='ocrx_word' id='word_1_342' title='bbox 618 1819 677 1858; x_wconf 89' lang='lat' dir='ltr'>vel</span> <span class='ocrx_word' id='word_1_343' title='bbox 697 1821 879 1868; x_wconf 81' lang='lat' dir='ltr'>corrigam</span> <span class='ocrx_word' id='word_1_344' title='bbox 907 1821 966 1859; x_wconf 87' lang='lat' dir='ltr'>hic</span> <span class='ocrx_word' id='word_1_345' title='bbox 986 1820 1042 1859; x_wconf 92' lang='lat' dir='ltr'>vel</span> <span class='ocrx_word' id='word_1_346' title='bbox 1073 1820 1255 1859; x_wconf 88' lang='lat' dir='ltr'>illustrabo</span> <span class='ocrx_word' id='word_1_347' title='bbox 1271 1834 1352 1872; x_wconf 88' lang='lat' dir='ltr'>quae</span> <span class='ocrx_word' id='word_1_348' title='bbox 1377 1821 1454 1870; x_wconf 86' lang='lat' dir='ltr'>jam</span> <span class='ocrx_word' id='word_1_349' title='bbox 1473 1820 1578 1858; x_wconf 88' lang='lat' dir='ltr'>attuli</span> <span class='ocrx_word' id='word_1_350' title='bbox 1597 1821 1644 1859; x_wconf 90' lang='lat' dir='ltr'>de</span> <span class='ocrx_word' id='word_1_351' title='bbox 1662 1821 1804 1859; x_wconf 92' lang='lat' dir='ltr'>duobus</span> <span class='ocrx_word' id='word_1_352' title='bbox 1836 1833 2168 1860; x_wconf 65' lang='lat' dir='ltr'>suprnnmnu‘rrs</span> <span class='ocrx_word' id='word_1_353' title='bbox 2200 1822 2236 1858; x_wconf 88' lang='lat' dir='ltr'>in</span> <span class='ocrx_word' id='word_1_354' title='bbox 2256 1820 2390 1871; x_wconf 88' lang='lat' dir='ltr'>Idyllia</span> 
     </span>
     <span class='ocr_line' id='line_1_28' title="bbox 306 1871 2388 1927; baseline 0.001 -18"><span class='ocrx_word' id='word_1_355' title='bbox 306 1871 524 1921; x_wconf 71' lang='lat' dir='ltr'>vigesimum</span> <span class='ocrx_word' id='word_1_356' title='bbox 555 1885 724 1924; x_wconf 82' lang='lat' dir='ltr'>quartum</span> <span class='ocrx_word' id='word_1_357' title='bbox 758 1885 794 1913; x_wconf 93' lang='lat' dir='ltr'>et</span> <span class='ocrx_word' id='word_1_358' title='bbox 819 1875 1002 1927; x_wconf 83' lang='lat' dir='ltr'>quintum,</span> <span class='ocrx_word' id='word_1_359' title='bbox 1031 1874 1097 1912; x_wconf 88' lang='lat' dir='ltr'>inf.</span> <span class='ocrx_word' id='word_1_360' title='bbox 1127 1887 1210 1926; x_wconf 81' lang='lat' dir='ltr'>pag.</span> <span class='ocrx_word' id='word_1_361' title='bbox 1232 1886 1321 1924; x_wconf 83' lang='lat'>235,</span> <span class='ocrx_word' id='word_1_362' title='bbox 1344 1873 1434 1924; x_wconf 88' lang='lat'>236.</span> <span class='ocrx_word' id='word_1_363' title='bbox 1487 1875 1548 1912; x_wconf 63' lang='lat' dir='ltr'>&gt;Ibi</span> <span class='ocrx_word' id='word_1_364' title='bbox 1570 1874 1718 1925; x_wconf 88' lang='lat' dir='ltr'>quidem</span> <span class='ocrx_word' id='word_1_365' title='bbox 1749 1875 1827 1913; x_wconf 83' lang='lat' dir='ltr'>dixi</span> <span class='ocrx_word' id='word_1_366' title='bbox 1857 1887 2174 1912; x_wconf 72' lang='lat' dir='ltr'>SUPPLEMENTA</span> <span class='ocrx_word' id='word_1_367' title='bbox 2207 1874 2266 1911; x_wconf 86' lang='lat' dir='ltr'>illa</span> <span class='ocrx_word' id='word_1_368' title='bbox 2295 1887 2388 1911; x_wconf 91' lang='lat' dir='ltr'>con-</span> 
     </span>
     <span class='ocr_line' id='line_1_29' title="bbox 303 1925 2387 1980; baseline 0.001 -17"><span class='ocrx_word' id='word_1_369' title='bbox 303 1925 388 1964; x_wconf 70' lang='lat' dir='ltr'>ficta</span> <span class='ocrx_word' id='word_1_370' title='bbox 414 1925 516 1964; x_wconf 82' lang='lat' dir='ltr'>fuiffe</span> <span class='ocrx_word' id='word_1_371' title='bbox 544 1939 564 1964; x_wconf 91' lang='lat' dir='ltr'>a</span> <span class='ocrx_word' id='word_1_372' title='bbox 585 1927 780 1977; x_wconf 77' lang='lat' dir='ltr'>joachimo</span> <span class='ocrx_word' id='word_1_373' title='bbox 809 1928 1019 1969; x_wconf 78' lang='lat' dir='ltr'>camerario</span> <span class='ocrx_word' id='word_1_374' title='bbox 1033 1944 1045 1972; x_wconf 69' lang='grc' dir='ltr'><strong><em>ς</em></strong></span> <span class='ocrx_word' id='word_1_375' title='bbox 1086 1930 1319 1980; x_wconf 89' lang='lat' dir='ltr'>primumque</span> <span class='ocrx_word' id='word_1_376' title='bbox 1350 1928 1516 1979; x_wconf 69' lang='lat' dir='ltr'>prodiisse</span> <span class='ocrx_word' id='word_1_377' title='bbox 1545 1929 1582 1966; x_wconf 91' lang='lat' dir='ltr'>in</span> <span class='ocrx_word' id='word_1_378' title='bbox 1606 1929 1740 1966; x_wconf 82' lang='lat' dir='ltr'>Eobam·</span> <span class='ocrx_word' id='word_1_379' title='bbox 1761 1929 1854 1979; x_wconf 75' lang='lat' dir='ltr'>Hff</span> <span class='ocrx_word' id='word_1_380' title='bbox 1871 1930 2003 1966; x_wconf 86' lang='lat' dir='ltr'>Latina</span> <span class='ocrx_word' id='word_1_381' title='bbox 2027 1927 2175 1977; x_wconf 53' lang='lat' dir='ltr'>ver-‘stone</span> <span class='ocrx_word' id='word_1_382' title='bbox 2194 1927 2387 1973; x_wconf 67' lang='lat' dir='ltr'>Theocriti,</span> 
     </span>
     <span class='ocr_line' id='line_1_30' title="bbox 306 1979 2390 2033; baseline 0.001 -16"><span class='ocrx_word' id='word_1_383' title='bbox 306 1992 389 2031; x_wconf 72' lang='lat' dir='ltr'>quae</span> <span class='ocrx_word' id='word_1_384' title='bbox 408 1979 541 2018; x_wconf 86' lang='lat' dir='ltr'>scilicet</span> <span class='ocrx_word' id='word_1_385' title='bbox 559 1981 706 2020; x_wconf 86' lang='lat' dir='ltr'>acceffio</span> <span class='ocrx_word' id='word_1_386' title='bbox 723 1982 772 2021; x_wconf 86' lang='lat' dir='ltr'>est</span> <span class='ocrx_word' id='word_1_387' title='bbox 790 1983 961 2021; x_wconf 90' lang='lat' dir='ltr'>editionis</span> <span class='ocrx_word' id='word_1_388' title='bbox 981 1982 1178 2021; x_wconf 84' lang='lat' dir='ltr'>Theocriti</span> <span class='ocrx_word' id='word_1_389' title='bbox 1198 1983 1474 2027; x_wconf 83' lang='lat' dir='ltr'>Camerarianae,</span> <span class='ocrx_word' id='word_1_390' title='bbox 1503 1979 1679 2033; x_wconf 73' lang='lat' dir='ltr'>impreffae</span> <span class='ocrx_word' id='word_1_391' title='bbox 1698 1984 1725 2020; x_wconf 99' lang='lat' dir='ltr'>F</span> <span class='ocrx_word' id='word_1_392' title='bbox 1730 1982 1867 2022; x_wconf 86' lang='lat' dir='ltr'>rancof.</span> <span class='ocrx_word' id='word_1_393' title='bbox 1896 1993 2011 2033; x_wconf 75' lang='grc'><strong><em>1545.</em></strong></span> <span class='ocrx_word' id='word_1_394' title='bbox 2061 1982 2176 2020; x_wconf 88' lang='lat' dir='ltr'>Certo</span> <span class='ocrx_word' id='word_1_395' title='bbox 2202 1981 2280 2020; x_wconf 87' lang='lat' dir='ltr'>sane</span> <span class='ocrx_word' id='word_1_396' title='bbox 2306 1995 2390 2019; x_wconf 91' lang='lat' dir='ltr'>cer-</span> 
     </span>
     <span class='ocr_line' id='line_1_31' title="bbox 306 2034 2391 2086; baseline 0 -14"><span class='ocrx_word' id='word_1_397' title='bbox 306 2034 379 2073; x_wconf 83' lang='lat' dir='ltr'>tius</span> <span class='ocrx_word' id='word_1_398' title='bbox 397 2034 462 2078; x_wconf 89' lang='lat' dir='ltr'>est,</span> <span class='ocrx_word' id='word_1_399' title='bbox 483 2034 735 2074; x_wconf 77' lang='lat' dir='ltr'>camerarium</span> <span class='ocrx_word' id='word_1_400' title='bbox 756 2050 841 2074; x_wconf 88' lang='lat' dir='ltr'>cum</span> <span class='ocrx_word' id='word_1_401' title='bbox 861 2037 1014 2077; x_wconf 85' lang='lat' dir='ltr'>Eobano</span> <span class='ocrx_word' id='word_1_402' title='bbox 1037 2036 1150 2075; x_wconf 78' lang='lat' dir='ltr'>Heffo</span> <span class='ocrx_word' id='word_1_403' title='bbox 1169 2036 1294 2075; x_wconf 88' lang='lat' dir='ltr'>studiis</span> <span class='ocrx_word' id='word_1_404' title='bbox 1314 2036 1642 2086; x_wconf 71' lang='lat' dir='ltr'>conjunfflflimum</span> <span class='ocrx_word' id='word_1_405' title='bbox 1662 2036 1778 2082; x_wconf 73' lang='lat' dir='ltr'>fuiffi,</span> <span class='ocrx_word' id='word_1_406' title='bbox 1801 2036 1915 2075; x_wconf 83' lang='lat' dir='ltr'>etiarn</span> <span class='ocrx_word' id='word_1_407' title='bbox 1935 2037 1972 2073; x_wconf 86' lang='lat' dir='ltr'>in</span> <span class='ocrx_word' id='word_1_408' title='bbox 1990 2035 2195 2074; x_wconf 86' lang='lat' dir='ltr'>Theocrito</span> <span class='ocrx_word' id='word_1_409' title='bbox 2215 2036 2391 2074; x_wconf 89' lang='lat' dir='ltr'>vertendo</span> 
     </span>
     <span class='ocr_line' id='line_1_32' title="bbox 302 2087 2390 2141; baseline 0 -16"><span class='ocrx_word' id='word_1_410' title='bbox 302 2087 540 2137; x_wconf 68' lang='lat' dir='ltr'>adjutorem</span> <span class='ocrx_word' id='word_1_411' title='bbox 571 2099 624 2135; x_wconf 87' lang='lat' dir='ltr'>ut,</span> <span class='ocrx_word' id='word_1_412' title='bbox 652 2089 677 2127; x_wconf 84' lang='lat' dir='ltr'>fi</span> <span class='ocrx_word' id='word_1_413' title='bbox 697 2102 769 2128; x_wconf 90' lang='lat' dir='ltr'>non</span> <span class='ocrx_word' id='word_1_414' title='bbox 786 2091 822 2128; x_wconf 88' lang='lat' dir='ltr'>in</span> <span class='ocrx_word' id='word_1_415' title='bbox 843 2091 923 2141; x_wconf 82' lang='lat' dir='ltr'>ejus</span> <span class='ocrx_word' id='word_1_416' title='bbox 951 2092 1102 2137; x_wconf 85' lang='lat' dir='ltr'>gratiam</span> <span class='ocrx_word' id='word_1_417' title='bbox 1132 2089 1312 2141; x_wconf 83' lang='lat' dir='ltr'>scripfiffe‚</span> <span class='ocrx_word' id='word_1_418' title='bbox 1339 2091 1461 2128; x_wconf 80' lang='lat' dir='ltr'>saltem</span> <span class='ocrx_word' id='word_1_419' title='bbox 1479 2103 1568 2128; x_wconf 83' lang='lat' dir='ltr'>cum</span> <span class='ocrx_word' id='word_1_420' title='bbox 1591 2090 1707 2128; x_wconf 79' lang='lat' dir='ltr'>Heffo</span> <span class='ocrx_word' id='word_1_421' title='bbox 1740 2089 2034 2135; x_wconf 78' lang='lat' dir='ltr'>communicasse,</span> <span class='ocrx_word' id='word_1_422' title='bbox 2067 2101 2390 2128; x_wconf 71' lang='lat' dir='ltr'>SUPPLEMENTA</span> 
     </span>
     <span class='ocr_line' id='line_1_33' title="bbox 303 2141 2389 2196; baseline 0 -16"><span class='ocrx_word' id='word_1_423' title='bbox 303 2141 479 2194; x_wconf 67' lang='lat' dir='ltr'>praedicta</span> <span class='ocrx_word' id='word_1_424' title='bbox 503 2142 677 2181; x_wconf 89' lang='lat' dir='ltr'>credibile</span> <span class='ocrx_word' id='word_1_425' title='bbox 696 2143 748 2182; x_wconf 77' lang='lat' dir='ltr'>fit.</span> <span class='ocrx_word' id='word_1_426' title='bbox 798 2145 846 2182; x_wconf 91' lang='lat' dir='ltr'>Et</span> <span class='ocrx_word' id='word_1_427' title='bbox 867 2158 952 2182; x_wconf 89' lang='lat' dir='ltr'>cum</span> <span class='ocrx_word' id='word_1_428' title='bbox 971 2145 1157 2183; x_wconf 72' lang='lat' dir='ltr'>Fabricius</span> <span class='ocrx_word' id='word_1_429' title='bbox 1179 2144 1438 2182; x_wconf 83' lang='lat' dir='ltr'>memoraverit</span> <span class='ocrx_word' id='word_1_430' title='bbox 1454 2143 1542 2183; x_wconf 85' lang='lat' dir='ltr'>duas</span> <span class='ocrx_word' id='word_1_431' title='bbox 1568 2145 1788 2196; x_wconf 82' lang='lat' dir='ltr'>antiquiores</span> <span class='ocrx_word' id='word_1_432' title='bbox 1813 2144 1991 2182; x_wconf 87' lang='lat' dir='ltr'>editiones</span> <span class='ocrx_word' id='word_1_433' title='bbox 2010 2143 2179 2193; x_wconf 74' lang='lat' dir='ltr'>Verfionis</span> <span class='ocrx_word' id='word_1_434' title='bbox 2199 2143 2389 2193; x_wconf 77' lang='lat' dir='ltr'>Heffi&#39;an&#39;ae,</span> 
     </span>
     <span class='ocr_line' id='line_1_34' title="bbox 301 2195 2392 2251; baseline 0 -17"><span class='ocrx_word' id='word_1_435' title='bbox 301 2195 454 2235; x_wconf 55' lang='lat' dir='ltr'>‚alteram</span> <span class='ocrx_word' id='word_1_436' title='bbox 473 2196 558 2234; x_wconf 83' lang='lat' dir='ltr'>anni</span> <span class='ocrx_word' id='word_1_437' title='bbox 583 2209 700 2250; x_wconf 81' lang='lat'>1530,</span> <span class='ocrx_word' id='word_1_438' title='bbox 723 2197 927 2246; x_wconf 84' lang='lat' dir='ltr'>Haganoae,</span> <span class='ocrx_word' id='word_1_439' title='bbox 955 2199 1103 2237; x_wconf 87' lang='lat' dir='ltr'>alteram</span> <span class='ocrx_word' id='word_1_440' title='bbox 1123 2197 1207 2237; x_wconf 87' lang='lat' dir='ltr'>anni</span> <span class='ocrx_word' id='word_1_441' title='bbox 1229 2210 1346 2251; x_wconf 74' lang='lat'>1531,</span> <span class='ocrx_word' id='word_1_442' title='bbox 1369 2197 1525 2243; x_wconf 84' lang='lat' dir='ltr'>Bafileae,</span> <span class='ocrx_word' id='word_1_443' title='bbox 1555 2211 1709 2249; x_wconf 81' lang='lat' dir='ltr'>quarum</span> <span class='ocrx_word' id='word_1_444' title='bbox 1730 2208 1894 2236; x_wconf 86' lang='lat' dir='ltr'>neutram</span> <span class='ocrx_word' id='word_1_445' title='bbox 1913 2210 1984 2244; x_wconf 88' lang='lat' dir='ltr'>ego</span> <span class='ocrx_word' id='word_1_446' title='bbox 2002 2197 2080 2234; x_wconf 84' lang='lat' dir='ltr'>vidi</span> <span class='ocrx_word' id='word_1_447' title='bbox 2097 2213 2109 2241; x_wconf 81' lang='lat'>3</span> <span class='ocrx_word' id='word_1_448' title='bbox 2137 2196 2266 2234; x_wconf 87' lang='lat' dir='ltr'>dubito</span> <span class='ocrx_word' id='word_1_449' title='bbox 2285 2197 2392 2248; x_wconf 85' lang='lat' dir='ltr'>equi-</span> 
     </span>
     <span class='ocr_line' id='line_1_35' title="bbox 302 2248 2390 2303; baseline 0.001 -16"><span class='ocrx_word' id='word_1_450' title='bbox 302 2248 396 2287; x_wconf 88' lang='lat' dir='ltr'>-dem</span> <span class='ocrx_word' id='word_1_451' title='bbox 416 2262 536 2288; x_wconf 87' lang='lat' dir='ltr'>annon</span> <span class='ocrx_word' id='word_1_452' title='bbox 566 2250 604 2288; x_wconf 92' lang='lat' dir='ltr'>in</span> <span class='ocrx_word' id='word_1_453' title='bbox 630 2252 758 2290; x_wconf 84' lang='lat' dir='ltr'>harum</span> <span class='ocrx_word' id='word_1_454' title='bbox 787 2253 900 2302; x_wconf 86' lang='lat' dir='ltr'>priori</span> <span class='ocrx_word' id='word_1_455' title='bbox 933 2264 1253 2290; x_wconf 73' lang='lat' dir='ltr'>SUPPLEMBNTA</span> <span class='ocrx_word' id='word_1_456' title='bbox 1286 2252 1346 2290; x_wconf 84' lang='lat' dir='ltr'>illa</span> <span class='ocrx_word' id='word_1_457' title='bbox 1375 2253 1536 2303; x_wconf 90' lang='lat' dir='ltr'>primurn</span> <span class='ocrx_word' id='word_1_458' title='bbox 1569 2253 1854 2301; x_wconf 87' lang='lat' dir='ltr'>comparuerint.</span> <span class='ocrx_word' id='word_1_459' title='bbox 1903 2251 2046 2289; x_wconf 87' lang='lat' dir='ltr'>Fabric.</span> <span class='ocrx_word' id='word_1_460' title='bbox 2069 2250 2163 2288; x_wconf 87' lang='lat' dir='ltr'>Bibl.</span> <span class='ocrx_word' id='word_1_461' title='bbox 2195 2250 2264 2288; x_wconf 88' lang='lat' dir='ltr'>Gr.</span> <span class='ocrx_word' id='word_1_462' title='bbox 2282 2251 2323 2288; x_wconf 90' lang='lat' dir='ltr'>ii.</span> <span class='ocrx_word' id='word_1_463' title='bbox 2351 2264 2390 2301; x_wconf 91' lang='lat' dir='ltr'>p.</span> 
     </span>
     <span class='ocr_line' id='line_1_36' title="bbox 308 2303 2388 2358; baseline -0 -16"><span class='ocrx_word' id='word_1_464' title='bbox 308 2314 403 2354; x_wconf 86' lang='lat'>437.</span> <span class='ocrx_word' id='word_1_465' title='bbox 444 2303 540 2356; x_wconf 76' lang='lat' dir='ltr'>Qiae</span> <span class='ocrx_word' id='word_1_466' title='bbox 560 2314 596 2343; x_wconf 88' lang='lat' dir='ltr'>et</span> <span class='ocrx_word' id='word_1_467' title='bbox 615 2316 756 2344; x_wconf 82' lang='lat' dir='ltr'>textum</span> <span class='ocrx_word' id='word_1_468' title='bbox 777 2319 924 2358; x_wconf 89' lang='lat' dir='ltr'>quoque</span> <span class='ocrx_word' id='word_1_469' title='bbox 944 2306 1137 2351; x_wconf 86' lang='lat' dir='ltr'>Graecum,</span> <span class='ocrx_word' id='word_1_470' title='bbox 1169 2305 1336 2344; x_wconf 88' lang='lat' dir='ltr'>Fabricio</span> <span class='ocrx_word' id='word_1_471' title='bbox 1353 2305 1485 2344; x_wconf 88' lang='lat' dir='ltr'>eodem</span> <span class='ocrx_word' id='word_1_472' title='bbox 1507 2305 1606 2352; x_wconf 83' lang='lat' dir='ltr'>teste,</span> <span class='ocrx_word' id='word_1_473' title='bbox 1627 2306 1931 2356; x_wconf 62' lang='lat' dir='ltr'>complectuntur.</span> <span class='ocrx_word' id='word_1_474' title='bbox 1973 2304 2086 2342; x_wconf 87' lang='lat' dir='ltr'>Unde</span> <span class='ocrx_word' id='word_1_475' title='bbox 2106 2304 2267 2354; x_wconf 86' lang='lat' dir='ltr'>suspicari</span> <span class='ocrx_word' id='word_1_476' title='bbox 2287 2304 2388 2349; x_wconf 84' lang='lat' dir='ltr'>licet,</span> 
     </span>
     <span class='ocr_line' id='line_1_37' title="bbox 306 2356 2392 2412; baseline 0.001 -17"><span class='ocrx_word' id='word_1_477' title='bbox 306 2357 345 2396; x_wconf 86' lang='lat' dir='ltr'>in</span> <span class='ocrx_word' id='word_1_478' title='bbox 374 2356 445 2396; x_wconf 83' lang='lat' dir='ltr'>illis</span> <span class='ocrx_word' id='word_1_479' title='bbox 464 2359 571 2397; x_wconf 86' lang='lat' dir='ltr'>etiam</span> <span class='ocrx_word' id='word_1_480' title='bbox 592 2359 812 2399; x_wconf 86' lang='lat' dir='ltr'>editionibus</span> <span class='ocrx_word' id='word_1_481' title='bbox 838 2361 1007 2412; x_wconf 85' lang='lat' dir='ltr'>primitus</span> <span class='ocrx_word' id='word_1_482' title='bbox 1028 2360 1209 2411; x_wconf 80' lang='lat' dir='ltr'>publicata</span> <span class='ocrx_word' id='word_1_483' title='bbox 1234 2360 1336 2398; x_wconf 77' lang='lat' dir='ltr'>fuiss‘e</span> <span class='ocrx_word' id='word_1_484' title='bbox 1358 2360 1540 2410; x_wconf 88' lang='lat' dir='ltr'>Joachimi</span> <span class='ocrx_word' id='word_1_485' title='bbox 1568 2359 1676 2397; x_wconf 83' lang='lat' dir='ltr'>nostri</span> <span class='ocrx_word' id='word_1_486' title='bbox 1699 2359 1830 2397; x_wconf 80' lang='lat' dir='ltr'>scholia</span> <span class='ocrx_word' id='word_1_487' title='bbox 1857 2360 1893 2396; x_wconf 87' lang='lat' dir='ltr'>in</span> <span class='ocrx_word' id='word_1_488' title='bbox 1915 2358 2160 2397; x_wconf 85' lang='lat' dir='ltr'>Theocritum</span> <span class='ocrx_word' id='word_1_489' title='bbox 2174 2374 2186 2402; x_wconf 90' lang='lat'>;</span> <span class='ocrx_word' id='word_1_490' title='bbox 2224 2370 2296 2396; x_wconf 90' lang='lat' dir='ltr'>non</span> <span class='ocrx_word' id='word_1_491' title='bbox 2325 2370 2392 2397; x_wconf 86' lang='lat' dir='ltr'>au·</span> 
     </span>
     <span class='ocr_line' id='line_1_38' title="bbox 307 2411 2394 2466; baseline 0 -18"><span class='ocrx_word' id='word_1_492' title='bbox 307 2419 385 2451; x_wconf 82' lang='lat' dir='ltr'>tem</span> <span class='ocrx_word' id='word_1_493' title='bbox 412 2411 450 2449; x_wconf 92' lang='lat' dir='ltr'>in</span> <span class='ocrx_word' id='word_1_494' title='bbox 468 2411 530 2450; x_wconf 87' lang='lat' dir='ltr'>illa</span> <span class='ocrx_word' id='word_1_495' title='bbox 559 2426 702 2464; x_wconf 87' lang='lat' dir='ltr'>perrara</span> <span class='ocrx_word' id='word_1_496' title='bbox 732 2414 815 2452; x_wconf 86' lang='lat' dir='ltr'>anni</span> <span class='ocrx_word' id='word_1_497' title='bbox 843 2426 958 2466; x_wconf 81' lang='lat'>1543,</span> <span class='ocrx_word' id='word_1_498' title='bbox 991 2424 1028 2452; x_wconf 91' lang='lat' dir='ltr'>ut</span> <span class='ocrx_word' id='word_1_499' title='bbox 1054 2414 1130 2452; x_wconf 87' lang='lat' dir='ltr'>dixi</span> <span class='ocrx_word' id='word_1_500' title='bbox 1156 2414 1194 2451; x_wconf 89' lang='lat' dir='ltr'>in</span> <span class='ocrx_word' id='word_1_501' title='bbox 1214 2414 1445 2459; x_wconf 82' lang='lat' dir='ltr'>Praefatione,</span> <span class='ocrx_word' id='word_1_502' title='bbox 1473 2427 1508 2463; x_wconf 91' lang='lat' dir='ltr'>p.</span> <span class='ocrx_word' id='word_1_503' title='bbox 1525 2425 1563 2450; x_wconf 87' lang='lat' dir='ltr'>x.</span> <span class='ocrx_word' id='word_1_504' title='bbox 1595 2413 1690 2452; x_wconf 93' lang='lat' dir='ltr'>Not.</span> <span class='ocrx_word' id='word_1_505' title='bbox 1706 2413 1744 2452; x_wconf 89' lang='lat'>6.</span> <span class='ocrx_word' id='word_1_506' title='bbox 1792 2412 1990 2452; x_wconf 86' lang='lat' dir='ltr'>Praesertim</span> <span class='ocrx_word' id='word_1_507' title='bbox 2025 2425 2110 2453; x_wconf 90' lang='lat' dir='ltr'>cum</span> <span class='ocrx_word' id='word_1_508' title='bbox 2141 2412 2266 2453; x_wconf 68' lang='lat' dir='ltr'>titulus</span> <span class='ocrx_word' id='word_1_509' title='bbox 2285 2411 2394 2450; x_wconf 67' lang='lat' dir='ltr'>dietae</span> 
     </span>
     <span class='ocr_line' id='line_1_39' title="bbox 303 2465 2395 2519; baseline 0 -15"><span class='ocrx_word' id='word_1_510' title='bbox 303 2465 494 2514; x_wconf 70' lang='lat' dir='ltr'>editionis,</span> <span class='ocrx_word' id='word_1_511' title='bbox 522 2465 570 2505; x_wconf 85' lang='lat' dir='ltr'>sc.</span> <span class='ocrx_word' id='word_1_512' title='bbox 596 2479 713 2518; x_wconf 78' lang='lat'>1530,</span> <span class='ocrx_word' id='word_1_513' title='bbox 742 2468 878 2507; x_wconf 80' lang='lat' dir='ltr'>omiffae</span> <span class='ocrx_word' id='word_1_514' title='bbox 898 2468 1048 2519; x_wconf 86' lang='lat' dir='ltr'>quidam</span> <span class='ocrx_word' id='word_1_515' title='bbox 1067 2481 1087 2506; x_wconf 90' lang='lat' dir='ltr'>a</span> <span class='ocrx_word' id='word_1_516' title='bbox 1108 2468 1310 2514; x_wconf 87' lang='lat' dir='ltr'>Maittario,</span> <span class='ocrx_word' id='word_1_517' title='bbox 1339 2469 1388 2506; x_wconf 89' lang='lat' dir='ltr'>ita</span> <span class='ocrx_word' id='word_1_518' title='bbox 1406 2469 1440 2507; x_wconf 90' lang='lat' dir='ltr'>se</span> <span class='ocrx_word' id='word_1_519' title='bbox 1462 2467 1589 2505; x_wconf 83' lang='lat' dir='ltr'>habeat</span> <span class='ocrx_word' id='word_1_520' title='bbox 1605 2467 1704 2518; x_wconf 75' lang='lat' dir='ltr'>¹apud</span> <span class='ocrx_word' id='word_1_521' title='bbox 1727 2467 1950 2513; x_wconf 88' lang='lat' dir='ltr'>Fabricium,</span> <span class='ocrx_word' id='word_1_522' title='bbox 1979 2467 2120 2518; x_wconf 86' lang='lat' dir='ltr'>Scripta</span> <span class='ocrx_word' id='word_1_523' title='bbox 2138 2466 2395 2504; x_wconf 80' lang='lat' dir='ltr'>Camerariana</span> 
     </span>
     <span class='ocr_line' id='line_1_40' title="bbox 306 2517 2394 2574; baseline -0.001 -16"><span class='ocrx_word' id='word_1_524' title='bbox 306 2517 568 2566; x_wconf 69' lang='lat' dir='ltr'>recensentem,</span> <span class='ocrx_word' id='word_1_525' title='bbox 601 2521 694 2560; x_wconf 81' lang='lat' dir='ltr'>BibL</span> <span class='ocrx_word' id='word_1_526' title='bbox 716 2521 787 2560; x_wconf 84' lang='lat' dir='ltr'>Gr.</span> <span class='ocrx_word' id='word_1_527' title='bbox 803 2522 883 2561; x_wconf 80' lang='lat' dir='ltr'>xiii.</span> <span class='ocrx_word' id='word_1_528' title='bbox 913 2536 950 2573; x_wconf 87' lang='lat' dir='ltr'>p.</span> <span class='ocrx_word' id='word_1_529' title='bbox 968 2535 1059 2574; x_wconf 86' lang='grc'><strong><em>507.</em></strong></span> <span class='ocrx_word' id='word_1_530' title='bbox 1109 2525 1136 2542; x_wconf 84' lang='grc'><strong><em>“</em></strong></span> <span class='ocrx_word' id='word_1_531' title='bbox 1154 2521 1348 2560; x_wconf 84' lang='lat' dir='ltr'>Theocriti</span> <span class='ocrx_word' id='word_1_532' title='bbox 1365 2522 1501 2560; x_wconf 83' lang='lat' dir='ltr'>Graeca</span> <span class='ocrx_word' id='word_1_533' title='bbox 1521 2530 1688 2571; x_wconf 83' lang='lat' dir='ltr'>poemata</span> <span class='ocrx_word' id='word_1_534' title='bbox 1712 2534 1796 2560; x_wconf 88' lang='lat' dir='ltr'>cum</span> <span class='ocrx_word' id='word_1_535' title='bbox 1829 2521 2039 2572; x_wconf 74' lang='lat' dir='ltr'>praefatione</span> <span class='ocrx_word' id='word_1_536' title='bbox 2059 2520 2192 2558; x_wconf 84' lang='lat' dir='ltr'>Graeca</span> <span class='ocrx_word' id='word_1_537' title='bbox 2211 2519 2394 2570; x_wconf 88' lang='lat' dir='ltr'>Joachimi</span> 
     </span>
     <span class='ocr_line' id='line_1_41' title="bbox 309 2573 2393 2627; baseline -0.001 -15"><span class='ocrx_word' id='word_1_538' title='bbox 309 2575 340 2595; x_wconf 87' lang='lat'><strong>“</strong></span> <span class='ocrx_word' id='word_1_539' title='bbox 358 2573 558 2612; x_wconf 80' lang='lat' dir='ltr'>camerarii</span> <span class='ocrx_word' id='word_1_540' title='bbox 585 2575 629 2612; x_wconf 87' lang='lat' dir='ltr'>ad</span> <span class='ocrx_word' id='word_1_541' title='bbox 650 2574 858 2623; x_wconf 87' lang='lat' dir='ltr'>Georgium</span> <span class='ocrx_word' id='word_1_542' title='bbox 880 2575 1051 2614; x_wconf 78' lang='lat' dir='ltr'>Heltum.</span> <span class='ocrx_word' id='word_1_543' title='bbox 1097 2575 1286 2622; x_wconf 70' lang='lat' dir='ltr'>Hagzmoae</span> <span class='ocrx_word' id='word_1_544' title='bbox 1312 2575 1406 2627; x_wconf 82' lang='lat' dir='ltr'>apud</span> <span class='ocrx_word' id='word_1_545' title='bbox 1430 2575 1635 2625; x_wconf 78' lang='lat' dir='ltr'>johannem</span> <span class='ocrx_word' id='word_1_546' title='bbox 1654 2574 1840 2613; x_wconf 89' lang='lat' dir='ltr'>Secerium</span> <span class='ocrx_word' id='word_1_547' title='bbox 1864 2574 1902 2611; x_wconf 88' lang='lat' dir='ltr'>in</span> <span class='ocrx_word' id='word_1_548' title='bbox 1935 2575 1971 2611; x_wconf 88' lang='lat'>8.</span> <span class='ocrx_word' id='word_1_549' title='bbox 2114 2575 2261 2625; x_wconf 80' lang='lat'>1530.’&#39;</span> <span class='ocrx_word' id='word_1_550' title='bbox 2298 2573 2393 2611; x_wconf 83' lang='lat' dir='ltr'>Haec</span> 
     </span>
     <span class='ocr_line' id='line_1_42' title="bbox 311 2627 2394 2680; baseline -0.001 -15"><span class='ocrx_word' id='word_1_551' title='bbox 311 2637 435 2666; x_wconf 78' lang='lat' dir='ltr'>autem</span> <span class='ocrx_word' id='word_1_552' title='bbox 454 2628 584 2675; x_wconf 89' lang='lat' dir='ltr'>editio,</span> <span class='ocrx_word' id='word_1_553' title='bbox 612 2642 720 2680; x_wconf 86' lang='lat' dir='ltr'>quam</span> <span class='ocrx_word' id='word_1_554' title='bbox 743 2630 950 2668; x_wconf 87' lang='lat' dir='ltr'>Maittarius</span> <span class='ocrx_word' id='word_1_555' title='bbox 971 2628 1106 2676; x_wconf 79' lang='lat' dir='ltr'>omisit,</span> <span class='ocrx_word' id='word_1_556' title='bbox 1134 2629 1330 2668; x_wconf 89' lang='lat' dir='ltr'>secundum</span> <span class='ocrx_word' id='word_1_557' title='bbox 1352 2628 1612 2675; x_wconf 88' lang='lat' dir='ltr'>Niceronium,</span> <span class='ocrx_word' id='word_1_558' title='bbox 1641 2637 1715 2666; x_wconf 86' lang='lat' dir='ltr'>tota</span> <span class='ocrx_word' id='word_1_559' title='bbox 1742 2628 1877 2666; x_wconf 88' lang='lat' dir='ltr'>constat</span> <span class='ocrx_word' id='word_1_560' title='bbox 1905 2640 1924 2666; x_wconf 89' lang='lat' dir='ltr'>e</span> <span class='ocrx_word' id='word_1_561' title='bbox 1946 2627 2102 2666; x_wconf 83' lang='lat' dir='ltr'>Graecis.</span> <span class='ocrx_word' id='word_1_562' title='bbox 2153 2630 2180 2647; x_wconf 93' lang='lat'><strong>“</strong></span> <span class='ocrx_word' id='word_1_563' title='bbox 2198 2628 2302 2665; x_wconf 75' lang='lat' dir='ltr'>Cette</span> <span class='ocrx_word' id='word_1_564' title='bbox 2318 2628 2394 2664; x_wconf 82' lang='lat' dir='ltr'>edi·</span> 
     </span>
     <span class='ocr_line' id='line_1_43' title="bbox 310 2680 2395 2733; baseline -0.001 -15"><span class='ocrx_word' id='word_1_565' title='bbox 310 2684 340 2703; x_wconf 89' lang='lat'><strong>“</strong></span> <span class='ocrx_word' id='word_1_566' title='bbox 359 2682 431 2719; x_wconf 83' lang='lat' dir='ltr'>tion</span> <span class='ocrx_word' id='word_1_567' title='bbox 456 2682 504 2731; x_wconf 72' lang='lat' dir='ltr'>est</span> <span class='ocrx_word' id='word_1_568' title='bbox 527 2690 621 2720; x_wconf 79' lang='lat' dir='ltr'>toute</span> <span class='ocrx_word' id='word_1_569' title='bbox 638 2683 841 2733; x_wconf 79' lang='lat' dir='ltr'>Grecque.’&#39;</span> <span class='ocrx_word' id='word_1_570' title='bbox 884 2683 1044 2722; x_wconf 88' lang='lat' dir='ltr'>Homm.</span> <span class='ocrx_word' id='word_1_571' title='bbox 1076 2683 1209 2722; x_wconf 84' lang='lat' dir='ltr'>Illustr.</span> <span class='ocrx_word' id='word_1_572' title='bbox 1239 2693 1330 2722; x_wconf 89' lang='lat' dir='ltr'>tom.</span> <span class='ocrx_word' id='word_1_573' title='bbox 1347 2683 1424 2720; x_wconf 83' lang='lat' dir='ltr'>xix.</span> <span class='ocrx_word' id='word_1_574' title='bbox 1455 2695 1537 2733; x_wconf 85' lang='lat' dir='ltr'>pag.</span> <span class='ocrx_word' id='word_1_575' title='bbox 1556 2685 1619 2731; x_wconf 88' lang='lat'>84.</span> <span class='ocrx_word' id='word_1_576' title='bbox 1649 2681 1758 2720; x_wconf 84' lang='lat' dir='ltr'>Paris.</span> <span class='ocrx_word' id='word_1_577' title='bbox 1783 2693 1828 2732; x_wconf 91' lang='lat'>¹7</span> <span class='ocrx_word' id='word_1_578' title='bbox 1835 2694 1897 2733; x_wconf 77' lang='lat'>32.</span> <span class='ocrx_word' id='word_1_579' title='bbox 1945 2681 2018 2719; x_wconf 87' lang='lat' dir='ltr'>Sed</span> <span class='ocrx_word' id='word_1_580' title='bbox 2041 2681 2090 2718; x_wconf 88' lang='lat' dir='ltr'>est</span> <span class='ocrx_word' id='word_1_581' title='bbox 2110 2680 2395 2719; x_wconf 81' lang='lat' dir='ltr'>Graeco-Latina</span> 
     </span>
     <span class='ocr_line' id='line_1_44' title="bbox 304 2734 2394 2788; baseline 0 -16"><span class='ocrx_word' id='word_1_582' title='bbox 304 2735 424 2773; x_wconf 80' lang='lat' dir='ltr'>editio</span> <span class='ocrx_word' id='word_1_583' title='bbox 443 2735 503 2773; x_wconf 86' lang='lat' dir='ltr'>illa</span> <span class='ocrx_word' id='word_1_584' title='bbox 524 2737 788 2783; x_wconf 73' lang='lat' dir='ltr'>Hagnnoenfis,</span> <span class='ocrx_word' id='word_1_585' title='bbox 809 2738 892 2775; x_wconf 89' lang='lat' dir='ltr'>anni</span> <span class='ocrx_word' id='word_1_586' title='bbox 913 2736 1021 2775; x_wconf 90' lang='lat' dir='ltr'>etiam</span> <span class='ocrx_word' id='word_1_587' title='bbox 1041 2737 1216 2786; x_wconf 84' lang='lat' dir='ltr'>ejusdem,</span> <span class='ocrx_word' id='word_1_588' title='bbox 1237 2750 1362 2788; x_wconf 87' lang='lat' dir='ltr'>quam,</span> <span class='ocrx_word' id='word_1_589' title='bbox 1383 2746 1424 2773; x_wconf 91' lang='lat' dir='ltr'>ut</span> <span class='ocrx_word' id='word_1_590' title='bbox 1442 2736 1557 2773; x_wconf 91' lang='lat' dir='ltr'>modo</span> <span class='ocrx_word' id='word_1_591' title='bbox 1576 2734 1745 2787; x_wconf 71' lang='lat' dir='ltr'>praedixi,</span> <span class='ocrx_word' id='word_1_592' title='bbox 1766 2744 1945 2773; x_wconf 89' lang='lat' dir='ltr'>memorat</span> <span class='ocrx_word' id='word_1_593' title='bbox 1965 2734 2165 2781; x_wconf 74' lang='lat' dir='ltr'>Fabricius,</span> <span class='ocrx_word' id='word_1_594' title='bbox 2186 2735 2224 2772; x_wconf 89' lang='lat' dir='ltr'>ii.</span> <span class='ocrx_word' id='word_1_595' title='bbox 2246 2748 2282 2784; x_wconf 92' lang='lat' dir='ltr'>p.</span> <span class='ocrx_word' id='word_1_596' title='bbox 2299 2746 2394 2784; x_wconf 83' lang='lat'>437.</span> 
     </span>
     <span class='ocr_line' id='line_1_45' title="bbox 311 2788 2396 2842; baseline -0.002 -13"><span class='ocrx_word' id='word_1_597' title='bbox 311 2789 409 2829; x_wconf 82' lang='lat' dir='ltr'>Haec</span> <span class='ocrx_word' id='word_1_598' title='bbox 429 2789 539 2828; x_wconf 87' lang='lat' dir='ltr'>dubia</span> <span class='ocrx_word' id='word_1_599' title='bbox 571 2790 726 2838; x_wconf 86' lang='lat' dir='ltr'>solvant,</span> <span class='ocrx_word' id='word_1_600' title='bbox 754 2791 818 2842; x_wconf 85' lang='lat' dir='ltr'>qui</span> <span class='ocrx_word' id='word_1_601' title='bbox 838 2791 960 2829; x_wconf 87' lang='lat' dir='ltr'>omnia</span> <span class='ocrx_word' id='word_1_602' title='bbox 979 2804 1082 2830; x_wconf 85' lang='lat' dir='ltr'>exem</span> <span class='ocrx_word' id='word_1_603' title='bbox 1113 2790 1197 2829; x_wconf 82' lang='lat' dir='ltr'>laria</span> <span class='ocrx_word' id='word_1_604' title='bbox 1216 2803 1326 2842; x_wconf 85' lang='lat' dir='ltr'>penes</span> <span class='ocrx_word' id='word_1_605' title='bbox 1346 2790 1378 2828; x_wconf 90' lang='lat' dir='ltr'>se</span> <span class='ocrx_word' id='word_1_606' title='bbox 1399 2789 1544 2829; x_wconf 88' lang='lat' dir='ltr'>habent.</span> <span class='ocrx_word' id='word_1_607' title='bbox 1594 2789 1678 2839; x_wconf 87' lang='lat' dir='ltr'>Jam</span> <span class='ocrx_word' id='word_1_608' title='bbox 1709 2789 1824 2827; x_wconf 80' lang='lat' dir='ltr'>miror</span> <span class='ocrx_word' id='word_1_609' title='bbox 1845 2789 2066 2835; x_wconf 87' lang='lat' dir='ltr'>Fabricium,</span> <span class='ocrx_word' id='word_1_610' title='bbox 2094 2789 2187 2826; x_wconf 87' lang='lat' dir='ltr'>inter</span> <span class='ocrx_word' id='word_1_611' title='bbox 2216 2788 2396 2827; x_wconf 80' lang='lat' dir='ltr'>editiones</span> 
     </span>
     <span class='ocr_line' id='line_1_46' title="bbox 306 2842 2394 2892; baseline 0 -12"><span class='ocrx_word' id='word_1_612' title='bbox 306 2843 488 2883; x_wconf 80' lang='lat' dir='ltr'>librorum</span> <span class='ocrx_word' id='word_1_613' title='bbox 507 2843 795 2890; x_wconf 68' lang='lat' dir='ltr'>camerariam,</span> <span class='ocrx_word' id='word_1_614' title='bbox 817 2845 968 2883; x_wconf 79' lang='lat' dir='ltr'>omififl‘e</span> <span class='ocrx_word' id='word_1_615' title='bbox 988 2857 1067 2882; x_wconf 87' lang='lat' dir='ltr'>eam</span> <span class='ocrx_word' id='word_1_616' title='bbox 1129 2844 1297 2890; x_wconf 83' lang='lat' dir='ltr'>heocriti,</span> <span class='ocrx_word' id='word_1_617' title='bbox 1322 2844 1429 2891; x_wconf 87' lang='lat' dir='ltr'>(forte</span> <span class='ocrx_word' id='word_1_618' title='bbox 1449 2844 1558 2883; x_wconf 84' lang='lat' dir='ltr'>etiam</span> <span class='ocrx_word' id='word_1_619' title='bbox 1577 2856 1661 2880; x_wconf 90' lang='lat' dir='ltr'>cum</span> <span class='ocrx_word' id='word_1_620' title='bbox 1681 2843 1760 2880; x_wconf 86' lang='lat' dir='ltr'>aliis</span> <span class='ocrx_word' id='word_1_621' title='bbox 1779 2842 1992 2888; x_wconf 87' lang='lat' dir='ltr'>nonnullis,)</span> <span class='ocrx_word' id='word_1_622' title='bbox 2013 2843 2097 2881; x_wconf 80' lang='lat' dir='ltr'>anni</span> <span class='ocrx_word' id='word_1_623' title='bbox 2117 2842 2251 2885; x_wconf 84' lang='lat' dir='ltr'>scilicet</span> <span class='ocrx_word' id='word_1_624' title='bbox 2275 2853 2394 2892; x_wconf 79' lang='lat'>1545,</span> 
     </span>
     <span class='ocr_line' id='line_1_47' title="bbox 313 2895 2397 2950; baseline -0 -15"><span class='ocrx_word' id='word_1_625' title='bbox 313 2910 427 2948; x_wconf 86' lang='lat' dir='ltr'>quarn</span> <span class='ocrx_word' id='word_1_626' title='bbox 445 2896 610 2950; x_wconf 74' lang='lat' dir='ltr'>descripsi</span> <span class='ocrx_word' id='word_1_627' title='bbox 629 2899 667 2936; x_wconf 90' lang='lat' dir='ltr'>in</span> <span class='ocrx_word' id='word_1_628' title='bbox 688 2898 916 2937; x_wconf 79' lang='lat' dir='ltr'>Praefatione.</span> <span class='ocrx_word' id='word_1_629' title='bbox 953 2898 1133 2946; x_wconf 81' lang='lat' dir='ltr'>Quamvis</span> <span class='ocrx_word' id='word_1_630' title='bbox 1152 2907 1188 2936; x_wconf 86' lang='lat' dir='ltr'>et</span> <span class='ocrx_word' id='word_1_631' title='bbox 1208 2897 1408 2937; x_wconf 88' lang='lat' dir='ltr'>editione-m</span> <span class='ocrx_word' id='word_1_632' title='bbox 1426 2896 1619 2935; x_wconf 88' lang='lat' dir='ltr'>Theocriti</span> <span class='ocrx_word' id='word_1_633' title='bbox 1640 2896 1930 2935; x_wconf 73' lang='lat' dir='ltr'>Camerarianam</span> <span class='ocrx_word' id='word_1_634' title='bbox 1950 2895 2087 2934; x_wconf 88' lang='lat' dir='ltr'>ibidem</span> <span class='ocrx_word' id='word_1_635' title='bbox 2108 2896 2286 2940; x_wconf 78' lang='lat' dir='ltr'>citaverit,</span> <span class='ocrx_word' id='word_1_636' title='bbox 2304 2896 2397 2934; x_wconf 85' lang='lat' dir='ltr'>mih-i</span> 
     </span>
     <span class='ocr_line' id='line_1_48' title="bbox 306 2949 2393 3004; baseline -0.002 -15"><span class='ocrx_word' id='word_1_637' title='bbox 306 2963 496 3003; x_wconf 82' lang='lat' dir='ltr'>nunquam</span> <span class='ocrx_word' id='word_1_638' title='bbox 519 2952 644 2999; x_wconf 87' lang='lat' dir='ltr'>visam,</span> <span class='ocrx_word' id='word_1_639' title='bbox 664 2952 942 3004; x_wconf 82' lang='lat' dir='ltr'>impreffamque</span> <span class='ocrx_word' id='word_1_640' title='bbox 964 2966 1028 3003; x_wconf 88' lang='lat' dir='ltr'>per</span> <span class='ocrx_word' id='word_1_641' title='bbox 1047 2951 1310 2998; x_wconf 89' lang='lat' dir='ltr'>Brubachium,</span> <span class='ocrx_word' id='word_1_642' title='bbox 1339 2964 1433 2988; x_wconf 89' lang='lat' dir='ltr'>anno</span> <span class='ocrx_word' id='word_1_643' title='bbox 1459 2962 1471 2988; x_wconf 90' lang='lat'>1</span> <span class='ocrx_word' id='word_1_644' title='bbox 1482 2963 1572 3002; x_wconf 83' lang='grc'><strong><em>553.</em></strong></span> <span class='ocrx_word' id='word_1_645' title='bbox 1602 2950 1720 2989; x_wconf 86' lang='lat' dir='ltr'>Tom.</span> <span class='ocrx_word' id='word_1_646' title='bbox 1736 2949 1815 2988; x_wconf 87' lang='lat' dir='ltr'>xiii.</span> <span class='ocrx_word' id='word_1_647' title='bbox 1844 2960 1882 2987; x_wconf 92' lang='lat' dir='ltr'>ut</span> <span class='ocrx_word' id='word_1_648' title='bbox 1912 2949 2002 3000; x_wconf 89' lang='lat' dir='ltr'>supr.</span> <span class='ocrx_word' id='word_1_649' title='bbox 2033 2963 2071 3000; x_wconf 81' lang='lat' dir='ltr'>p.</span> <span class='ocrx_word' id='word_1_650' title='bbox 2087 2961 2177 3000; x_wconf 79' lang='lat'>5¹9·</span> <span class='ocrx_word' id='word_1_651' title='bbox 2194 2951 2200 3003; x_wconf 19' lang='grc' dir='ltr'><strong>Ἀ</strong></span> <span class='ocrx_word' id='word_1_652' title='bbox 2220 2950 2316 2997; x_wconf 74' lang='lat' dir='ltr'>Quae</span> <span class='ocrx_word' id='word_1_653' title='bbox 2334 2958 2393 2986; x_wconf 82' lang='lat' dir='ltr'>ta·</span> 
     </span>
     <span class='ocr_line' id='line_1_49' title="bbox 310 3002 2396 3057; baseline -0.003 -12"><span class='ocrx_word' id='word_1_654' title='bbox 310 3018 400 3051; x_wconf 79' lang='lat' dir='ltr'>men</span> <span class='ocrx_word' id='word_1_655' title='bbox 419 3005 577 3044; x_wconf 86' lang='lat' dir='ltr'>eundem</span> <span class='ocrx_word' id='word_1_656' title='bbox 596 3006 773 3045; x_wconf 85' lang='lat' dir='ltr'>verbatim</span> <span class='ocrx_word' id='word_1_657' title='bbox 806 3020 880 3057; x_wconf 84' lang='lat' dir='ltr'>prae</span> <span class='ocrx_word' id='word_1_658' title='bbox 899 3006 933 3044; x_wconf 90' lang='lat' dir='ltr'>se</span> <span class='ocrx_word' id='word_1_659' title='bbox 952 3006 1022 3044; x_wconf 87' lang='lat' dir='ltr'>fert</span> <span class='ocrx_word' id='word_1_660' title='bbox 1042 3006 1203 3050; x_wconf 87' lang='lat' dir='ltr'>titulum,</span> <span class='ocrx_word' id='word_1_661' title='bbox 1238 3018 1348 3056; x_wconf 89' lang='lat' dir='ltr'>quem</span> <span class='ocrx_word' id='word_1_662' title='bbox 1374 3005 1490 3042; x_wconf 90' lang='lat' dir='ltr'>nostra</span> <span class='ocrx_word' id='word_1_663' title='bbox 1512 3014 1615 3042; x_wconf 90' lang='lat' dir='ltr'>antea</span> <span class='ocrx_word' id='word_1_664' title='bbox 1633 3013 1834 3041; x_wconf 84' lang='lat' dir='ltr'>memorata</span> <span class='ocrx_word' id='word_1_665' title='bbox 1863 3004 1946 3040; x_wconf 89' lang='lat' dir='ltr'>anni</span> <span class='ocrx_word' id='word_1_666' title='bbox 1972 3014 2086 3054; x_wconf 77' lang='lat'>1545.</span> <span class='ocrx_word' id='word_1_667' title='bbox 2133 3002 2273 3040; x_wconf 83' lang='lat' dir='ltr'>Confer</span> <span class='ocrx_word' id='word_1_668' title='bbox 2290 3002 2396 3040; x_wconf 77' lang='lat' dir='ltr'>Mat-.-</span> 
     </span>
     <span class='ocr_line' id='line_1_50' title="bbox 312 3055 2394 3111; baseline -0.002 -14"><span class='ocrx_word' id='word_1_669' title='bbox 312 3059 396 3097; x_wconf 76' lang='lat' dir='ltr'>tair:</span> <span class='ocrx_word' id='word_1_670' title='bbox 423 3059 558 3099; x_wconf 88' lang='lat' dir='ltr'>Annal.</span> <span class='ocrx_word' id='word_1_671' title='bbox 587 3060 759 3111; x_wconf 88' lang='lat' dir='ltr'>Typogr.</span> <span class='ocrx_word' id='word_1_672' title='bbox 778 3059 828 3097; x_wconf 90' lang='lat' dir='ltr'>iii.</span> <span class='ocrx_word' id='word_1_673' title='bbox 858 3074 898 3111; x_wconf 86' lang='lat' dir='ltr'>p.</span> <span class='ocrx_word' id='word_1_674' title='bbox 914 3060 1008 3098; x_wconf 89' lang='lat'>628.</span> <span class='ocrx_word' id='word_1_675' title='bbox 1063 3060 1224 3097; x_wconf 89' lang='lat' dir='ltr'>Necnon</span> <span class='ocrx_word' id='word_1_676' title='bbox 1255 3058 1351 3099; x_wconf 88' lang='lat' dir='ltr'>Bibl.</span> <span class='ocrx_word' id='word_1_677' title='bbox 1382 3059 1477 3104; x_wconf 81' lang='lat' dir='ltr'>Reg.</span> <span class='ocrx_word' id='word_1_678' title='bbox 1501 3057 1602 3095; x_wconf 90' lang='lat' dir='ltr'>Gall.</span> <span class='ocrx_word' id='word_1_679' title='bbox 1625 3057 1744 3096; x_wconf 91' lang='lat' dir='ltr'>Catal.</span> <span class='ocrx_word' id='word_1_680' title='bbox 1763 3056 1788 3093; x_wconf 90' lang='lat' dir='ltr'>i.</span> <span class='ocrx_word' id='word_1_681' title='bbox 1829 3069 1913 3107; x_wconf 85' lang='lat' dir='ltr'>pag.</span> <span class='ocrx_word' id='word_1_682' title='bbox 1933 3056 2022 3094; x_wconf 88' lang='lat'>266.</span> <span class='ocrx_word' id='word_1_683' title='bbox 2051 3055 2116 3093; x_wconf 87' lang='lat' dir='ltr'>sol.</span> <span class='ocrx_word' id='word_1_684' title='bbox 2155 3056 2275 3094; x_wconf 88' lang='lat' dir='ltr'>Num.</span> <span class='ocrx_word' id='word_1_685' title='bbox 2299 3067 2394 3103; x_wconf 86' lang='lat'>420.</span> 
     </span>
     <span class='ocr_line' id='line_1_51' title="bbox 317 3109 2396 3166; baseline -0.003 -15"><span class='ocrx_word' id='word_1_686' title='bbox 317 3112 427 3151; x_wconf 84' lang='lat' dir='ltr'>Paris.</span> <span class='ocrx_word' id='word_1_687' title='bbox 454 3125 498 3164; x_wconf 80' lang='lat'>¹7</span> <span class='ocrx_word' id='word_1_688' title='bbox 506 3125 567 3164; x_wconf 83' lang='lat'>50.</span> <span class='ocrx_word' id='word_1_689' title='bbox 598 3114 659 3152; x_wconf 87' lang='lat' dir='ltr'>Est</span> <span class='ocrx_word' id='word_1_690' title='bbox 678 3127 721 3152; x_wconf 89' lang='lat' dir='ltr'>ea</span> <span class='ocrx_word' id='word_1_691' title='bbox 738 3113 853 3152; x_wconf 89' lang='lat' dir='ltr'>editio</span> <span class='ocrx_word' id='word_1_692' title='bbox 873 3114 957 3152; x_wconf 85' lang='lat' dir='ltr'>anni</span> <span class='ocrx_word' id='word_1_693' title='bbox 980 3126 1098 3166; x_wconf 77' lang='lat'>1543,</span> <span class='ocrx_word' id='word_1_694' title='bbox 1117 3112 1241 3151; x_wconf 74' lang='lat' dir='ltr'>omissa</span> <span class='ocrx_word' id='word_1_695' title='bbox 1259 3124 1335 3150; x_wconf 89' lang='lat' dir='ltr'>non</span> <span class='ocrx_word' id='word_1_696' title='bbox 1355 3112 1474 3150; x_wconf 83' lang='lat' dir='ltr'>minus</span> <span class='ocrx_word' id='word_1_697' title='bbox 1494 3124 1514 3149; x_wconf 89' lang='lat' dir='ltr'>a</span> <span class='ocrx_word' id='word_1_698' title='bbox 1530 3110 1718 3150; x_wconf 73' lang='lat' dir='ltr'>Mnittario</span> <span class='ocrx_word' id='word_1_699' title='bbox 1736 3123 1847 3161; x_wconf 89' lang='lat' dir='ltr'>quam</span> <span class='ocrx_word' id='word_1_700' title='bbox 1863 3123 1884 3148; x_wconf 89' lang='lat' dir='ltr'>a</span> <span class='ocrx_word' id='word_1_701' title='bbox 1904 3109 2087 3154; x_wconf 88' lang='lat' dir='ltr'>Fabricio,</span> <span class='ocrx_word' id='word_1_702' title='bbox 2114 3109 2151 3146; x_wconf 90' lang='lat' dir='ltr'>in</span> <span class='ocrx_word' id='word_1_703' title='bbox 2170 3109 2396 3150; x_wconf 84' lang='lat' dir='ltr'>Bibliotheca</span> 
     </span>
     <span class='ocr_line' id='line_1_52' title="bbox 317 3162 2396 3218; baseline -0.004 -12"><span class='ocrx_word' id='word_1_704' title='bbox 317 3166 478 3215; x_wconf 87' lang='lat' dir='ltr'>Collegii</span> <span class='ocrx_word' id='word_1_705' title='bbox 497 3167 772 3206; x_wconf 87' lang='lat' dir='ltr'>Wintonienfis.</span> <span class='ocrx_word' id='word_1_706' title='bbox 817 3166 917 3206; x_wconf 89' lang='lat' dir='ltr'>Vide</span> <span class='ocrx_word' id='word_1_707' title='bbox 936 3167 1116 3218; x_wconf 81' lang='lat' dir='ltr'>Prologum</span> <span class='ocrx_word' id='word_1_708' title='bbox 1135 3165 1320 3205; x_wconf 85' lang='lat' dir='ltr'>Verfionis</span> <span class='ocrx_word' id='word_1_709' title='bbox 1338 3165 1528 3204; x_wconf 79' lang='lat' dir='ltr'>Heffianae.</span> <span class='ocrx_word' id='word_1_710' title='bbox 1575 3164 1748 3210; x_wconf 88' lang='lat' dir='ltr'>Necnon,</span> <span class='ocrx_word' id='word_1_711' title='bbox 1778 3163 1842 3202; x_wconf 89' lang='lat' dir='ltr'>lib.</span> <span class='ocrx_word' id='word_1_712' title='bbox 1871 3164 1931 3201; x_wconf 89' lang='lat' dir='ltr'>cui</span> <span class='ocrx_word' id='word_1_713' title='bbox 1962 3164 2018 3202; x_wconf 85' lang='lat' dir='ltr'>tit.</span> <span class='ocrx_word' id='word_1_714' title='bbox 2049 3162 2224 3200; x_wconf 84' lang='lat' dir='ltr'>Narratio</span> <span class='ocrx_word' id='word_1_715' title='bbox 2251 3163 2291 3200; x_wconf 86' lang='lat' dir='ltr'>de</span> <span class='ocrx_word' id='word_1_716' title='bbox 2305 3162 2396 3199; x_wconf 80' lang='lat' dir='ltr'>Vita</span> 
     </span>
     <span class='ocr_line' id='line_1_53' title="bbox 314 3216 2395 3271; baseline -0.003 -12"><span class='ocrx_word' id='word_1_717' title='bbox 314 3220 454 3259; x_wconf 85' lang='lat' dir='ltr'>Eobam&#39;</span> <span class='ocrx_word' id='word_1_718' title='bbox 477 3221 584 3270; x_wconf 78' lang='lat' dir='ltr'>Heffi,</span> <span class='ocrx_word' id='word_1_719' title='bbox 615 3225 681 3260; x_wconf 76' lang='grc' dir='ltr'><strong><em>διο.</em></strong></span> <span class='ocrx_word' id='word_1_720' title='bbox 723 3221 894 3271; x_wconf 86' lang='lat' dir='ltr'>scriptum</span> <span class='ocrx_word' id='word_1_721' title='bbox 924 3221 970 3260; x_wconf 88' lang='lat' dir='ltr'>ab</span> <span class='ocrx_word' id='word_1_722' title='bbox 996 3222 1128 3261; x_wconf 89' lang='lat' dir='ltr'>eodem</span> <span class='ocrx_word' id='word_1_723' title='bbox 1150 3220 1359 3270; x_wconf 83' lang='lat' dir='ltr'>Joachimo,</span> <span class='ocrx_word' id='word_1_724' title='bbox 1387 3219 1477 3258; x_wconf 91' lang='lat' dir='ltr'>edit.</span> <span class='ocrx_word' id='word_1_725' title='bbox 1501 3218 1602 3269; x_wconf 90' lang='lat' dir='ltr'>Lips.</span> <span class='ocrx_word' id='word_1_726' title='bbox 1628 3217 1742 3255; x_wconf 81' lang='lat'>1616.</span> <span class='ocrx_word' id='word_1_727' title='bbox 1780 3230 1860 3268; x_wconf 89' lang='lat' dir='ltr'>pag.</span> <span class='ocrx_word' id='word_1_728' title='bbox 1877 3229 1945 3268; x_wconf 86' lang='lat'>47,</span> <span class='ocrx_word' id='word_1_729' title='bbox 1962 3219 2028 3266; x_wconf 88' lang='lat'>48,</span> <span class='ocrx_word' id='word_1_730' title='bbox 2046 3228 2111 3267; x_wconf 90' lang='lat'>49.</span> <span class='ocrx_word' id='word_1_731' title='bbox 2160 3217 2319 3258; x_wconf 85' lang='lat' dir='ltr'>Necnon</span> <span class='ocrx_word' id='word_1_732' title='bbox 2342 3216 2395 3252; x_wconf 88' lang='lat' dir='ltr'>E-</span> 
     </span>
     <span class='ocr_line' id='line_1_54' title="bbox 308 3269 2394 3328; baseline -0.003 -16"><span class='ocrx_word' id='word_1_733' title='bbox 308 3274 460 3326; x_wconf 60' lang='lat' dir='ltr'>,vistulam¹</span> <span class='ocrx_word' id='word_1_734' title='bbox 476 3275 608 3314; x_wconf 84' lang='lat' dir='ltr'>Eobani</span> <span class='ocrx_word' id='word_1_735' title='bbox 637 3275 744 3325; x_wconf 80' lang='lat' dir='ltr'>Heffi&#39;.</span> <span class='ocrx_word' id='word_1_736' title='bbox 774 3274 840 3314; x_wconf 84' lang='lat' dir='ltr'>sol.</span> <span class='ocrx_word' id='word_1_737' title='bbox 876 3274 933 3313; x_wconf 90' lang='lat' dir='ltr'>ed.</span> <span class='ocrx_word' id='word_1_738' title='bbox 954 3276 1078 3326; x_wconf 88' lang='lat' dir='ltr'>Marp.</span> <span class='ocrx_word' id='word_1_739' title='bbox 1104 3288 1114 3313; x_wconf 85' lang='grc' dir='ltr'><strong>ι</strong></span> <span class='ocrx_word' id='word_1_740' title='bbox 1128 3286 1218 3326; x_wconf 81' lang='lat'>543.</span> <span class='ocrx_word' id='word_1_741' title='bbox 1255 3286 1338 3324; x_wconf 83' lang='lat' dir='ltr'>pag.</span> <span class='ocrx_word' id='word_1_742' title='bbox 1357 3273 1446 3325; x_wconf 79' lang='grc'><strong><em>156.</em></strong></span> <span class='ocrx_word' id='word_1_743' title='bbox 1467 3284 1552 3323; x_wconf 85' lang='lat'><em>¹3¹-</em></span> <span class='ocrx_word' id='word_1_744' title='bbox 1570 3284 1660 3321; x_wconf 88' lang='lat'>2¹7·</span> <span class='ocrx_word' id='word_1_745' title='bbox 1706 3271 1850 3309; x_wconf 87' lang='lat' dir='ltr'>Interea</span> <span class='ocrx_word' id='word_1_746' title='bbox 1880 3271 2078 3309; x_wconf 88' lang='lat' dir='ltr'>editionem</span> <span class='ocrx_word' id='word_1_747' title='bbox 2104 3269 2275 3320; x_wconf 72' lang='lat' dir='ltr'>Vetfiotlis</span> <span class='ocrx_word' id='word_1_748' title='bbox 2299 3269 2394 3328; x_wconf 78' lang='lat' dir='ltr'>illius</span> 
     </span>
     <span class='ocr_line' id='line_1_55' title="bbox 303 3322 2396 3379; baseline -0.001 -14"><span class='ocrx_word' id='word_1_749' title='bbox 303 3326 487 3377; x_wconf 77' lang='lat' dir='ltr'>&#39;Hffanae</span> <span class='ocrx_word' id='word_1_750' title='bbox 504 3329 668 3374; x_wconf 86' lang='lat' dir='ltr'>ostendo,</span> <span class='ocrx_word' id='word_1_751' title='bbox 695 3343 715 3367; x_wconf 89' lang='lat' dir='ltr'>a</span> <span class='ocrx_word' id='word_1_752' title='bbox 735 3329 901 3367; x_wconf 86' lang='lat' dir='ltr'>Fabricio</span> <span class='ocrx_word' id='word_1_753' title='bbox 921 3329 1179 3379; x_wconf 78' lang='lat' dir='ltr'>Maittarioque</span> <span class='ocrx_word' id='word_1_754' title='bbox 1197 3327 1413 3377; x_wconf 84' lang='lat' dir='ltr'>praeteritam</span> <span class='ocrx_word' id='word_1_755' title='bbox 1434 3338 1621 3377; x_wconf 88' lang='lat' dir='ltr'>nuperque</span> <span class='ocrx_word' id='word_1_756' title='bbox 1639 3339 1658 3363; x_wconf 82' lang='lat' dir='ltr'>a</span> <span class='ocrx_word' id='word_1_757' title='bbox 1677 3338 1735 3363; x_wconf 90' lang='lat' dir='ltr'>me</span> <span class='ocrx_word' id='word_1_758' title='bbox 1755 3323 2005 3375; x_wconf 70' lang='lat' dir='ltr'>conquisitam,</span> <span class='ocrx_word' id='word_1_759' title='bbox 2036 3324 2110 3362; x_wconf 91' lang='lat' dir='ltr'>viz.</span> <span class='ocrx_word' id='word_1_760' title='bbox 2152 3326 2180 3343; x_wconf 88' lang='lat'>“</span> <span class='ocrx_word' id='word_1_761' title='bbox 2200 3322 2396 3363; x_wconf 69' lang='lat' dir='ltr'>Theocriti</span> 
     </span>
     <span class='ocr_line' id='line_1_56' title="bbox 315 3377 2393 3473; baseline 0.002 -68"><span class='ocrx_word' id='word_1_762' title='bbox 315 3385 348 3405; x_wconf 72' lang='lat' dir='ltr'><em>u</em></span> <span class='ocrx_word' id='word_1_763' title='bbox 364 3381 574 3433; x_wconf 76' lang='lat' dir='ltr'>Syracusani</span> <span class='ocrx_word' id='word_1_764' title='bbox 592 3382 752 3433; x_wconf 77' lang='lat' dir='ltr'>Eydillia</span> <span class='ocrx_word' id='word_1_765' title='bbox 771 3383 916 3434; x_wconf 80' lang='lat' dir='ltr'>triginta</span> <span class='ocrx_word' id='word_1_766' title='bbox 938 3383 997 3422; x_wconf 86' lang='lat' dir='ltr'>sex</span> <span class='ocrx_word' id='word_1_767' title='bbox 1015 3384 1149 3428; x_wconf 78' lang='lat' dir='ltr'>Latino</span> <span class='ocrx_word' id='word_1_768' title='bbox 1170 3381 1330 3421; x_wconf 84' lang='lat' dir='ltr'>carmine</span> <span class='ocrx_word' id='word_1_769' title='bbox 1348 3379 1503 3428; x_wconf 81' lang='lat' dir='ltr'>reddita,</span> <span class='ocrx_word' id='word_1_770' title='bbox 1533 3379 1648 3420; x_wconf 85' lang='lat' dir='ltr'>Helio</span> <span class='ocrx_word' id='word_1_771' title='bbox 1668 3378 1820 3418; x_wconf 87' lang='lat' dir='ltr'>Eobano</span> <span class='ocrx_word' id='word_1_772' title='bbox 1843 3378 1954 3417; x_wconf 64' lang='lat' dir='ltr'>Hesio</span> <span class='ocrx_word' id='word_1_773' title='bbox 1980 3378 2188 3433; x_wconf 86' lang='lat' dir='ltr'>interprete,</span> <span class='ocrx_word' id='word_1_774' title='bbox 2215 3380 2285 3457; x_wconf 53' lang='grc' dir='ltr'>διε,</span> <span class='ocrx_word' id='word_1_775' title='bbox 2310 3377 2393 3473; x_wconf 56' lang='lat' dir='ltr'>{a-</span> 
     </span>
    </p>

    <p class='ocr_par' dir='ltr' id='par_1_5' title="bbox 2289 3442 2392 3471">
     <span class='ocr_line' id='line_1_57' title="bbox 2289 3442 2392 3471; baseline -0.01 -3"><span class='ocrx_word' id='word_1_776' title='bbox 2289 3442 2319 3471; x_wconf 73' lang='lat'>11</span> <span class='ocrx_word' id='word_1_777' title='bbox 2347 3442 2392 3471; x_wconf 59' lang='lat'>1⁸·</span> 
     </span>
    </p>
   </div>
   <div class='ocr_carea' id='block_1_4' title="bbox 1501 926 1609 935">
    <p class='ocr_par' dir='ltr' id='par_1_6' title="bbox 1501 926 1609 935">
     <span class='ocr_line' id='line_1_58' title="bbox 1501 926 1609 935; baseline 0 0"><span class='ocrx_word' id='word_1_778' title='bbox 1501 926 1609 935; x_wconf 95' lang='lat' dir='ltr'> </span> 
     </span>
    </p>
   </div>
   <div class='ocr_carea' id='block_1_5' title="bbox 1982 2595 2095 2606">
    <p class='ocr_par' dir='ltr' id='par_1_7' title="bbox 1982 2595 2095 2606">
     <span class='ocr_line' id='line_1_59' title="bbox 1982 2595 2095 2606; baseline 0 0"><span class='ocrx_word' id='word_1_779' title='bbox 1982 2595 2095 2606; x_wconf 95' lang='lat' dir='ltr'> </span> 
     </span>
    </p>
   </div>
  </div>
 </body>
</html>
