2852 4004
1192 276 1533 366 (xxi)

323 566 464 630 DE
562 531 900 630 PoEsl
994 564 1605 629 Bucoch
1700 560 2385 628 GRAEooRUM

637 705 2170 847 DISSERTATIo}

835 1018 1774 1070 'ARGUMENTUM.

333 1142 520 1258 'Origo
544 1168 971 1232 Bucolicorum.
1042 1168 1323 1233 Bucolica
1360 1182 1516 1256 pars
1546 1172 1770 1232 veteris
1798 1165 2128 1231 Comoediae.
2195 1161 2384 1228 Thea-

421 1279 589 1325 trum
652 1259 971 1348 pastorale.
1052 1260 1151 1323 AE
1156 1279 1249 1324 tas
1303 1285 1514 1324 aurea.
1599 1258 1918 1346 Pastorum
1967 1264 2095 1322 tria
2135 1279 2385 1346 genera.

422 1354 704 1416 Metrum
729 1352 1067 1416 bucolicum.
1125 1351 1480 1417 Theocritus.
1531 1351 1612 1415 In
1643 1351 1874 1442 quibus,
1910 1368 1968 1414 et
1990 1375 2201 1440 quare,
2234 1347 2304 1410 V
2297 1351 2388 1410 ir-

412 1445 558 1532 gilio
591 1443 927 1509 Theocritus
956 1445 1383 1509 antecelluerit.

342 1662 344 1664 ’
536 1644 587 1702 Ε
622 1638 892 1703 Bucolici
922 1642 1204 1704 carminis
1228 1640 1394 1728 apud
1421 1644 1662 1705 Graecos
1685 1641 1862 1705 initio
1891 1655 1953 1704 et
1974 1639 2226 1727 origine,
2255 1659 2393 1726 per-

579 1730 844 1795 difficilis
875 1730 959 1796 est
994 1749 1056 1796 et
1095 1732 1347 1796 obscura
1380 1732 1667 1821 quaestio:
1727 1757 1926 1821 neque
1960 1756 2030 1796 ea
2059 1733 2136 1794 de
2165 1754 2228 1794 re
2261 1753 2392 1793 cer-

336 1841 474 1888 tum
507 1822 761 1910 aliquod
788 1840 850 1886 et
898 1824 1231 1912 probabile,
1281 1825 1376 1888 vel
1410 1825 1723 1889 literarum
1755 1822 2127 1913 vetustarum
2168 1844 2394 1886 monu-

337 1931 547 1980 menta
584 1915 904 1993 tradidere,
956 1915 1050 1979 vel
1084 1916 1451 2004 scriptorum
1500 1919 1909 1981 recentiorum
1952 1930 2305 1980 commenta
2335 1926 2397 1976 et

337 2007 692 2096 c'onjee'curae
740 2004 1024 2071 afferunt.
1104 2011 1396 2073 Rationes
1444 2011 1631 2098 igitur
1674 2033 1838 2073 meas
1878 2010 1943 2071 in
1978 2007 2398 2072 materia-tam

337 2099 548 2189 dubia,
599 2099 830 2173 nedum
861 2100 995 2166 satis
1030 2101 1108 2164 ad
1141 2100 1451 2190 liquidum
1482 2102 1792 2190 perducta,
1836 2100 2047 2164 saltem
2078 2123 2214 2187 quae
2244 2093 2398 2161 mihi

340 2189 794 2256 verofimillima
838 2192 1229 2272 videbuntur,
1279 2218 1604 2281 exponam.
1687 2193 1873 2278 Qod
1913 2191 1960 2256 fi
1997 2208 2259 2262 veterem
2302 2212 2399 2251 re·-

278 2358 282 2363 .
341 2282 600 2372 liquiffe,
650 2307 997 2371 novamque
1028 2288 1188 2349 viam
1234 2286 1467 2372 prorsus
1505 2286 1734 2350 iniviffe
1769 2286 1990 2362 videar,
2040 2283 2105 2347 id
2145 2282 2402 2346 omnino

298 2440 299 2443 ,
339 2377 604 2440 veritatis
655 2374 1079 2464 investigandae
1128 2377 1328 2442 studio
1372 2376 1603 2442 factum
1625 2404 1644 2456 3
1704 2393 1865 2441 certe
1920 2400 2045 2440 non
2096 2391 2167 2438 ut
2218 2369 2399 2460 ipfius

343 2469 722 2560 antiquitatis
752 2471 1196 2549 auctoritatem,
1247 2485 1308 2533 et
1344 2469 1650 2535 clarorum
1685 2472 1954 2533 virorum
1992 2466 2246 2558 judicia,
2295 2486 2404 2552 pa·-

347 2584 490 2624 rum
525 2559 863 2623 verecunde
893 2560 1283 2648 despexerim.

441 2655 676 2715 Omnes
701 2654 951 2739 poeticae
976 2652 1196 2740 species
1222 2653 1403 2742 fiquis
1432 2669 1660 2718 attente
1685 2652 2154 2741 contempletur,
2181 2671 2405 2712 unam-

349 2756 663 2832 quamque
687 2741 1043 2817 tenuiffimis
1072 2747 1256 2810 initiis
1288 2749 1568 2834 primitus
1598 2744 1920 2809 constitiffe
1951 2744 2222 2831 reperiet.
2279 2739 2407 2826 Qi

350 2837 534 2924 primi
555 2833 941 2922 -fingularum
975 2854 1302 2924 repertores
1334 2854 1396 2902 et
1425 2843 1694 2901 auctores
1728 2837 1878 2900 olim
1918 2839 2189 2911 extitere,
2239 2831 2409 2895 nulla

351 2925 472 2991 five
499 2929 729 3015 ingenii
756 2924 872 2991 five
898 2927 1130 2992 confilii
1154 2929 1591 3018 magnitudine·
1608 2953 1737 2992 rem
1761 2929 2041 2992 videntur
2065 2923 2280 3013 egisse,
2333 2945 2409 2985 ne

353 3021 692 3108 quicquam
729 3019 1084 3106 praeclarum
1120 3022 1293 3086 valde
1316 3039 1377 3085 et
1408 3021 1612 3085 nobile
1643 3019 1752 3084 fibi
1783 3022 1847 3083 in
1878 3021 2092 3083 animis
2127 3013 2407 3080 statuiffe.

357 3114 676 3175 Nimirum
710 3113 1009 3200 principia
1035 3114 1317 3200 quaedam
1352 3130 1413 3177 et
1443 3113 1643 3177 causas
1668 3112 1977 3188 extudere‚
2013 3110 2232 3198 quibus
2260 3105 2412 3169 nihil

357 3201 551 3266 fimile
583 3202 767 3283 habet
802 3220 909 3266 aut
944 3200 1283 3270 finitimum
1312 3230 1446 3292 quae
1482 3208 1546 3268 in
1577 3206 1832 3268 inventis
1866 3202 2047 3266 hodie
2084 3197 2434 3289 praestantia'

358 3297 627 3358 cernitur
655 3310 717 3356 et
749 3293 1066 3359 absolutio.
1119 3302 1166 3360 F
1170 3300 1398 3360 ortuito
1429 3320 1898 3383 nonnunquam,
1929 3294 2187 3379 casuque
2219 3288 2418 3353 nescio
2497 3368 2500 3371 ᾖ

358 3411 510 3474 que,
562 3387 764 3474 potius
799 3410 989 3474 quam
1032 3391 1401 3476 cogitatione
1435 3406 1495 3453 et
1542 3413 1707 3469 cura,
1757 3389 2037 3454 maximae
2071 3408 2159 3450 res
2191 3381 2418 3445 efficie-

384 3522 387 3524 ·
1482 3480 1517 3543 f
1843 3502 1848 3505 ’
2183 3476 2421 3539 bantur.
