2852 4004
486 280 590 354 136
1089 278 1150 335 N
1185 280 1237 335 Ο
1274 280 1330 335 Τ
1362 282 1450 336 AE.
1559 281 1699 338 XII.
1741 297 1831 357 35.
1873 294 1962 354 37.

699 420 864 464 Χειλεοι
889 404 940 473 δη
962 422 1190 486 γλυκεροις
1211 425 1375 479 χείλεσι
1400 435 1663 486 συμπιεσοις.

700 515 866 570 Labia
887 514 1096 570 dulcibus
1117 515 1322 588 imprff
1337 516 1494 581 labiis.

552 619 622 674 V.
638 637 665 690 3
677 639 813 694 5.—-
829 620 1089 695 Επιςωςρᾷ]
1126 623 1186 675 In
1212 621 1448 695 Stephani
1471 619 1713 693 margine,
1751 615 1954 692 emssassqa.
2003 616 2160 686 Qod
2183 615 2306 673 dant
2325 616 2554 673 Codices.

393 700 397 702 ’
477 694 538 748 In
563 694 745 764 quibus
770 697 984 749 occurrit
1006 708 1055 748 et
1080 695 1313 769 επιςωςρω.

551 767 619 819 V.
643 769 731 839 36.
770 768 906 842 Λυέὶῃ
935 792 1024 829 conv,
1062 771 1187 843 δια]
1227 771 1368 822 Hinc
1404 779 1583 821 natum
1616 767 1934 840 proverbium
1960 777 2116 829 vetus,
2156 763 2299 842 Λυῶα,
2333 764 2557 836 ελεγξψτο

480 835 715 904 Κιζὸηλον.
772 841 956 914 Lydius
978 843 1134 916 Lapis
1155 842 1471 896 adulterinum
1496 853 1684 913 arguet.
1715 842 1879 894 Mich.
1899 840 2127 914 Apostol.
2147 838 2386 893 Proverb.
2409 842 2556 894 Ceut.

477 915 598 967 XII.
630 917 718 990 36.
778 917 866 970 Ad
890 935 1002 987 quae
1026 918 1136 970 vide
1159 917 1294 970 Petri
1318 917 1514 974 Pantini
1539 917 1715 969 Notas·
1749 933 1860 987 pag.
1881 932 2003 989 325.
2053 914 2152 968 Ed.
2176 912 2345 985 Lugd.
2370 913 2480 968 Bat.

551 989 619 1041 V.
639 1007 728 1063 37.
746 1005 905 1051 -Μη
931 992 1231 1062 φαυλον.-]
1272 991 1537 1061 Eleganter
1560 990 1932 1043 rescribendum
1958 1001 2149 1051 monet,
2188 1000 2240 1041 et
2264 1005 2330 1042 ex
2354 987 2556 1062 ingenio
2595 1036 2599 1040 .

430 1054 434 1057 ’
475 1063 581 1124 su0,
611 1063 863 1128 Reiskius,
888 1087 952 1135 μη
979 1072 1165 1134 <Danaen
1204 1066 1286 1118 Sc.
1312 1062 1635 1138 οιῃυμιμοιςοι.
1692 1073 1727 1098 “
1744 1064 2028 1136 Argentarii
2051 1080 2154 1117 non
2178 1060 2411 1137 imperiti,
2449 1080 2554 1117 non

478 1138 853 1203 contemnendi,
889 1136 972 1192 sed
996 1139 1109 1193 artis
1132 1138 1230 1192 suae
1253 1139 1324 1194 sat
1345 1138 1600 1192 scientes.”

2839 2969 2852 3156 ³'“r⁸1-⁴n-‘h-⁰.·⁷.
2849 2951 2852 2954 .
2844 2840 2852 2882 ι...
2850 2821 2852 2826 .
2846 2702 2852 2725 ,ΑΛ
2850 2674 2852 2679 .
2847 2659 2852 2663 .
2846 2613 2852 2639 ..-
