2852 4004
511 260 610 324 v'iii
1010 253 2030 317 PRAEFATIO.

514 378 749 466 ignotos
804 371 1108 460 ‘hodieque
1160 372 1529 461 deperditOS,
1593 368 1979 457 aspexerant:
2055 363 2275 432 multas
2326 361 2545 453 probas

512 467 791 529 lectiones
826 463 916 527 vel
950 463 1087 526 casu
1122 463 1214 527 vel
1261 461 1550 527 industria
1591 460 1876 524 tradunt:
1937 455 2046 522 etfi
2080 460 2289 520 Graeca
2333 454 2547 542 lingua

511 555 776 646 ipsorum
826 554 1198 642 temporibus
1243 553 1414 616 valde
1463 567 1746 638 corrupta
1795 548 1996 628 fuerit,
2060 565 2266 611 tamen
2320 545 2428 609 sub
2475 568 2548 608 ea

510 668 953 732 nonnunquam
1005 644 1229 709 latebat
1268 641 1603 707 hellenismi
1647 642 1858 703 veteris
1901 655 1964 703 et
2011 639 2248 702 verioris
2288 635 2543 721 indoles,

511 736 674 800 unde
705 737 907 799 crebra
929 734 1243 811 vocabula,
1273 735 1471 797 dubiae
1501 728 1956 818 significationis
1990 746 2052 792 et
2081 728 2364 806 obscurae,
2398 727 2547 814 saepe

509 824 762 889 feliciter
790 826 1111 913 explicant.
1173 827 1378 888 Etiam
1407 823 1652 885 barbara
1686 837 1746 884 et
1779 822 2116 908 Byzantina
2149 818 2418 906 ipsorum
2449 820 2548 882 in-

508 932 974 1002 terpretamenta
1007 918 1154 978 veris
1197 938 1322 977 non
1375 937 1508 976 raro
1552 911 1688 974 sunt
1736 912 2030 998 proxima,
2081 912 2364 996 viamque
2398 910 2547 972 veris

508 1005 814 1068 interdum
869 1003 1150 1068 sensibus
1185 1006 1482 1092 aperiunt.

505 1098 1045 1159 Laurentianarum
1071 1093 1189 1158 five
1211 1093 1646 1169 Medicearum,
1683 1116 1920 1155 necnon
1945 1094 2399 1168 Vaticanarum,
2435 1091 2545 1154 de-

505 1185 751 1248 lectum.
819 1191 1203 1271 Argumenta
1235 1209 1269 1247 e
1304 1185 1610 1246 Vaticanis
1661 1182 1822 1245 libris
1874 1184 1939 1245 in
1985 1205 2228 1258 COLUM,
2279 1197 2341 1263 et
2386 1205 2546 1265 rui-:-

507 1299 684 1338 R11AEs
722 1299 969 1338 AMOREs
997 1285 1035 1350 ¹,
1074 1298 1239 1337 nunc
1271 1275 1540 1360 primum
1566 1272 1799 1359 publici
1822 1272 1974 1359 juris
2001 1272 2319 1337 efficimuS.
2375 1271 2545 1361 Idyl-

506 1363 728 1434 liorum
761 1389 1007 1451 quoque
1038 1364 1242 1427 titulos
1276 1388 1310 1427 e
1344 1362 1766 1450 probatissimis
1788 1363 2101 1427 codicibus
2124 1362 2462 1427 attulimus,

596 1460 686 1518 Ea
719 1455 990 1540 quidem,
1041 1478 1144 1540 per
1195 1453 1250 1517 se
1293 1453 1425 1517 satis
1470 1453 1722 1516 editioni
1762 1452 1932 1516 fuiffe
1981 1453 2157 1519 facile
2200 1453 2542 1519 credideris,

505 1545 756 1631 Nequid
792 1544 1039 1608 ulterius
1074 1560 1277 1607 tamen
1310 1545 1556 1632 incepto
1589 1543 1779 1606 deeffe
1810 1544 2132 1623 videretur,
2182 1545 2261 1609 ad
2306 1546 2545 1630 codices

501 1633 934 1721 manuscriptos
980 1634 1401 1721 exquirendOS,
1452 1636 1560 1720 qui
1591 1633 1761 1714 dorni
1793 1634 2172 1699 habebantur
2217 1638 2282 1698 in
2323 1634 2546 1722 biblio-

502 1723 690 1787 thecis
720 1725 980 1812 Angliae,
1031 1727 1306 1812 proxime
1354 1748 1454 1788 me
1489 1741 1673 1789 verto,
1756 1724 2027 1788 Offendo
2066 1729 2131 1790 in
2179 1725 2547 1793 bibliotheca

503 1814 827 1886 Bodleiana
867 1816 1016 1878 duos
1049 1815 1363 1879 Theocriti
1409 1815 1666 1892 codiceS,
1716 1817 1873 1879 inter
1910 1818 2334 1881 Baroccianos:
2392 1819 2545 1883 alte-

502 1928 641 1967 rum
655 1914 674 1935 ²
700 1910 838 1968 octo
860 1908 1058 1992 priora
1079 1905 1291 1993 Idyllia
1307 1905 1835 1993 complectentem,
1855 1931 2002 1970 cum
2017 1910 2221 1995 paucis
2237 1908 2544 1974 editorum

505 1994 885 2058 Scholiorum
903 2021 922 2072 3
978 1996 1236 2063 alterum
1257 1996 1317 2073 ³,
1347 2013 1409 2059 et
1438 1998 1611 2058 initio
1648 2014 1709 2059 et
1740 1995 1862 2059 fine
1892 1998 2269 2076 mutilatum,
2312 2000 2544 2066 nedum

504 2086 655 2171 quid
678 2088 982 2172 integrum
1006 2088 1386 2150 retinentem.
1426 2091 1644 2150 Unum
1660 2096 1685 2126 4
1707 2104 2006 2174 praeterea,
2025 2092 2182 2154 inter
2199 2090 2544 2155 Laudianos

503 2180 641 2238 octo
674 2192 914 2239 tantum
945 2179 1140 2263 priora
1174 2177 1386 2264 Idyllia
1418 2180 1853 2242 continentem.
1936 2183 2203 2268 Reperio
2233 2184 2297 2244 in
2331 2182 2546 2246 Museo

503 2267 886 2328 Britannico⁵
924 2268 1209 2344 Londini,
1264 2270 1431 2330 bonae
1466 2286 1621 2330 notae
1666 2270 1964 2347 codicem,
2014 2271 2230 2349 saeculi,
2281 2288 2353 2334 ut
2389 2272 2544 2338 mihi

502 2355 836 2432 videbatur,
862 2351 1083 2419 decimi
1107 2359 1324 2443 quarti.
1356 2358 1562 2420 Habet
1586 2362 1859 2445 quinque
1884 2377 2125 2426 tantum
2145 2362 2378 2450 Idyllia‚
2397 2387 2544 2428 cum

546 2447 706 2507 aucis
739 2450 1033 2533 excerptis
1068 2449 1370 2511 editorum
1404 2447 1804 2513 Scholiorum.
1887 2456 2020 2514 Hos
2051 2477 2262 2516 omnes
2292 2454 2543 2518 collatos

500 2468 720 2599 liabes:
766 2560 1208 2623 nonnunquam
1240 2539 1302 2601 in
1333 2541 1489 2600 notis
1520 2541 1724 2616 etiam,
1760 2545 2075 2627 pro‘more
2107 2568 2267 2621 me0,
2306 2547 2540 2619 citatos·

502 2629 673 2691 Duos
703 2625 963 2717 denique
993 2627 1227 2694 codices
1253 2629 1763 2717 Cantabrigienses
1798 2632 2065 2723 inspexi3
2118 2635 2378 2700 alterum
2405 2636 2543 2701 bib-

1579 1001 1881 1065 Dedimus
1937 1003 2144 1087 itaque
2198 999 2546 1064 Gloffarum
2600 1006 2609 1010 ‘
2694 1088 2711 1101 ⁶

570 2817 584 2843 1
618 2806 755 2843 Caetera
790 2821 809 2844 e
843 2807 1041 2851 Vaticani&
1079 2817 1118 2846 ut
1152 2808 1305 2856 videtur,
1342 2811 1475 2860 primus

498 2856 612 2894 edidit
632 2859 854 2905 Calliergus3
890 2873 983 2910 quae,
1014 2861 1086 2906 hic,
1113 2874 1196 2898 cum
1222 2863 1415 2912 prolixiora
1441 2874 1477 2901 et

499 2909 663 2956 levicula,
707 2912 766 2948 etsi
798 2912 871 2961 post
904 2913 1122 2959 Calliergum
1154 2923 1291 2951 tantum
1328 2918 1476 2966 repetita

497 2962 564 2999 fint
598 2963 634 2999 in
663 2965 921 3014 antiquioribus
949 2975 984 3002 et
1016 2967 1218 3011 rarioribus,
1254 2981 1327 3004 non
1358 2970 1477 3006 iterari

497 3015 711 3053 curavimus.
750 3017 902 3061 Primus,
928 3028 1030 3066 pum,
1057 3020 1232 3056 contraxit
1253 3021 1477 3066 Argumenta

498 3075 538 3102 ut
556 3066 663 3104 hodie
683 3069 847 3114 leguntur
865 3070 901 3106 in
921 3071 1124 3116 vulgaribus
1145 3071 1374 3117 editionibus,
1395 3076 1475 3112 Da-

496 3118 568 3155 niel
606 3121 773 3158 Heinsius
809 3123 846 3159 in
883 3122 1040 3161 editione
1081 3124 1138 3161 sua
1173 3125 1474 3174 Commeliniana,

502 3171 616 3220 1604.

554 3236 574 3260 2
606 3224 709 3262 eod.
743 3226 886 3265 Barocc.
914 3239 1000 3279 109.
1051 3227 1242 3268 Habentur
1274 3230 1309 3268 in
1342 3231 1473 3270 eodem

497 3276 622 3317 codice
639 3278 756 3328 plures
775 3278 899 3318 Graeci
924 3292 1051 3331 poetae.
1096 3281 1229 3321 Charta
1254 3284 1319 3332 est,
1347 3294 1383 3323 et
1399 3298 1473 3327 non

1550 2812 1768 2858 ineleganter
1785 2825 1962 2854 exaratus.

1607 2879 1626 2915 3
1659 2867 1754 2904 Cod.
1775 2869 1924 2906 Rarocc.
1946 2869 2033 2907 216.
2079 2869 2123 2906 In
2144 2870 2279 2908 charta.
2435 2895 2451 2900 -

1601 2930 1627 2966 4
1656 2919 1752 2958 Cod.
1779 2922 1896 2959 Laud.
1915 2935 2009 2971 73¹.
2033 2925 2093 2973 89.
2146 2924 2244 2961 Cum
2273 2922 2435 2973 pluribus
2465 2923 2541 2961 aliis

1551 2969 1695 3022 Graecis
1717 2974 1844 3022 poetis.
1893 2976 1936 3012 In
1957 2988 2164 3024 pergamen,

1607 3035 1625 3073 ς
1662 3025 1774 3063 MSS.
1807 3027 1912 3066 Harl.
1949 3038 2124 3066 numerat.
2150 3028 2266 3079 5691.
2326 3029 2371 3065 ln
2404 3029 2538 3068 charta.

1550 3075 1733 3125 Siquando
1756 3078 1828 3116 cito
1851 3081 2031 3118 codicem
2052 3081 2266 3120 Mediceum
2284 3082 2459 3132 primum,
2484 3082 2537 3120 se-

1548 3129 1722 3175 cundum,
1753 3132 1914 3178 tertium,
1943 3133 2001 3170 vel
2026 3145 2207 3183 quartum,
2237 3135 2353 3173 habeo
2383 3134 2464 3172 illos
2493 3148 2540 3173 ex

1547 3181 1910 3223 animadversionibus
1930 3186 2081 3226 Reiskii.
2131 3189 2290 3233 Quinam
2317 3188 2464 3232 horum,
2492 3201 2539 3226 an

1545 3233 1624 3279 ulli,
1649 3234 1715 3273 {int
1733 3236 1845 3274 iidem
1863 3252 1947 3277 cum
1965 3240 2091 3278 nostris
2111 3240 2414 3287 sanflamandeis,
2434 3241 2538 3281 facile

1544 3287 1681 3337 patebit
1693 3290 1913 3331 conferenti.

2261 3381 2538 3449 liothecae
