2852 4004
445 258 509 321 xl
678 280 754 317 DE
809 275 985 316 ronst
1037 272 1351 335 Buconica
1398 268 1758 312 GRAECORUM
1810 268 2256 311 D-ISSERTATIQ

442 378 734 463 hirsutum
777 372 1171 460 supercilium
1237 373 1434 435 minus
1494 368 1746 432 feliciter
1806 366 2107 432 transtulit
2160 361 2237 424 ad
2293 358 2490 425 alium

444 466 740 554 pastorem
802 462 1106 547 Virgilius,
1203 467 1290 525 In,
1336 461 1500 524 dieto
1557 459 1874 523 Theocriti
1928 459 2216 532 carmine,
2286 454 2489 540 inquit

445 556 727 643 Cyclop5.
2430 564 2433 567 ·

629 676 832 741 Ηροωθῆν
864 689 936 729 μεν
967 658 1101 732 epist,
1148 689 1270 737 nepot,
1316 689 1394 720 τευ
1418 667 1453 728 ¹,
1499 661 1626 725 ἁνικρι
1657 661 1830 732 ‘wey'lov

625 764 757 822 Ηιθῑς
792 757 882 825 {uqi
915 779 986 811 συν
1020 780 1172 826 μήιττξι,
1218 753 1768 819 922920'TAK1N691NA
1803 759 2018 808 ΦΥΛΛΑ

628 849 696 918 Eg
726 871 825 920 ορεος
852 852 1114 919 Δὶοεκμιοθυᾳ·
1162 869 1241 912 εγ.)
1275 843 1419 899 ae'o‘aeov
1451 866 1699 911 nsspwvevov.

447 970 601 1050 Qiae
629 958 890 1024 reddidit
921 963 1113 1021 Maro,

629 1079 876 1166 Sepibus
905 1081 968 1141 in
1003 1077 1213 1141 nostris
1244 1101 1492 1164 parvam
1527 1093 1587 1142 te
1621 1076 1850 1141 roscida
1881 1074 2063 1153 mala,

629 1176 779 1234 Dux
808 1193 923 1258 ego
955 1167 1139 1232 vester
1170 1192 1354 1247 eram,
1407 1169 1529 1231 vidi
1558 1192 1705 1232 cum
1734 1186 1927 1255 matre
1963 1168 2291 1254 legentem.

447 1294 544 1352 De
594 1287 815 1374 quibus
859 1283 1137 1370 Scaliger,
1195 1285 1260 1346 in
1313 1282 1541 1369 scriptis
1588 1285 1981 1371 antiquorum
2040 1283 2172 1346 satis
2221 1282 2500 1359 versatuS,

447 1379 683 1465 antiqui
705 1375 858 1440 nihil
889 1397 1164 1460 unquam
1184 1373 1435 1460 sapiens,
1506 1382 1546 1413 “
1567 1378 1796 1438 Nonne
1827 1375 2044 1438 melius
2070 1375 2278 1452 Mala,
2312 1398 2504 1461 quam

449 1482 493 1512 “
521 1471 688 1533 Folia
719 1465 1055 1551 Hyacinthi
1077 1467 1115 1527 ,9
1200 1469 1498 1528 Petuntur
1531 1467 1696 1529 enim
1728 1465 1920 1553 magis
1950 1464 2267 1552 hyacinthi
2299 1471 2346 1528 F
2350 1465 2502 1530 lores

451 1571 495 1602 “
520 1584 708 1647 quam
740 1557 929 1621 Folia.
1005 1561 1089 1620 Et
1122 1558 1185 1619 in
1217 1554 1532 1618 Montibus
1563 1554 2001 1644 infrequentior
2023 1555 2390 1645 hyacinthus
2409 1557 2499 1622 ².”

448 1657 745 1715 Artamen
791 1647 956 1712 haud
1003 1647 1122 1710 scio
1174 1670 1378 1711 annon
1428 1645 1748 1733 agrestiora
1803 1647 1939 1711 sunt
1987 1649 2157 1711 Folia
2204 1647 2510 1733 hyacinthi

445 1766 637 1830 quam
671 1741 872 1805 Mala.
954 1741 1122 1824 Qin
1166 1755 1226 1800 et
1270 1738 1548 1802 suavioris
1583 1739 1879 1825 quiddam
1914 1738 2310 1825 simplicitatis
2352 1738 2505 1804 inest

450 1838 515 1897 in
541 1835 732 1921 foliis,
781 1833 970 1918 quarn
1017 1832 1081 1892 in
1132 1826 1268 1915 ipfis
1297 1829 1573 1913 floribus,
1627 1829 1941 1918 hyacinthi
1983 1829 2298 1918 petendis:
2369 1855 2504 1918 quae

450 1939 731 2013 praeterea
761 1922 999 1986 desertis
1033 1920 1343 1992 montibus
1374 1944 1636 2007 quaerere
1665 1921 1959 2008 quiddam
1992 1923 2183 2009 magis
2211 1920 2508 1987 rusticum

452 2015 622 2102 sapit,
671 2037 860 2100 quam
894 2012 1060 2075 Mala
1107 2014 1168 2074 in
1202 2009 1451 2098 sepibus·
1535 2016 1670 2075 Nec
1700 2014 1891 2099 magis
1923 2013 2133 2076 dextre
2167 2037 2297 2077 rem
2330 2013 2505 2102 gessit

453 2105 740 2193 Virgilius
774 2106 838 2167 in
874 2102 1102 2166 Poculo
1135 2101 1451 2166 Theocriti
1478 2105 1885 2191 recoquendO.
1957 2108 2180 2192 Neque
2215 2107 2382 2169 enim
2413 2108 2506 2170 vi-

454 2197 545 2259 dit
600 2212 706 2258 aut
760 2194 1055 2258 intellexit
1108 2197 1284 2257 Maro
1334 2193 1513 2280 quale
1566 2219 1663 2258 vas
1707 2194 2075 2259 Theocritus
2129 2195 2508 2276 describeret,

453 2287 627 2375 quod
658 2309 877 2373 nempe
912 2309 1036 2348 non
1071 2301 1197 2348 erat
1238 2283 1361 2372 ejus
1395 2287 1578 2349 aetatis
1609 2303 1716 2350 aut
1746 2289 1968 2374 patriae.
2042 2289 2213 2351 Hinc
2261 2313 2370 2352 cis
2392 2314 2416 2352 s
2438 2314 2510 2352 Y—

459 2405 489 2442 B
510 2403 654 2442 iuM
690 2377 841 2439 illud
873 2374 1350 2463 capacissimum,
1381 2376 1711 2463 pastoribus
1748 2378 1958 2442 Siculis
1993 2377 2166 2456 lacte,
2204 2382 2366 2459 vin0,
2402 2395 2510 2445 aut

453 2491 826 2556 quocunque
856 2467 975 2531 alio
1004 2483 1154 2554 potu
1197 2469 1635 2555 ingurgitandis
1679 2485 1917 2557 aptum,
1968 2472 2033 2533 in
2067 2470 2217 2534 duos
2248 2470 2506 2536 cantha-

461 2584 554 2623 ros
600 2558 933 2622 convivales
967 2559 1309 2634 contraxit3
1370 2582 1522 2645 quos
1567 2584 1792 2647 magno
1846 2560 2163 2648 sculpturae
2193 2579 2508 2651 apparatu,

456 2652 794 2736 nimioque,
869 2648 1077 2712 saltem
1137 2647 1184 2711 fi
1247 2646 1509 2714 formam
1571 2654 1873 2716 minorem
1943 2652 2184 2740 spestes,
2256 2658 2509 2720 ornavit.

515 2844 529 2869 1
563 2830 706 2869 Mavult
726 2830 884 2868 eruditus
903 2830 971 2877 vir,
990 2843 1058 2881 pro
1076 2845 1170 2882 veae,
1193 2846 1263 2876 τευ,
1285 2840 1442 2871 ΚΟΡΑΣ
1517 2831 1618 2872 L.ii.
1650 2847 1732 2884 pag.
1751 2837 1815 2884 87.
1843 2834 1930 2872 edit.
1954 2835 2065 2885 Jung.
2113 2836 2228 2885 Cujus
2255 2846 2374 2876 autem
2401 2840 2527 2878 aetatis-

457 2900 526 2922 τευ.
571 2884 761 2921 Puellulam
780 2885 902 2944 tqjafti
920 2897 1038 2920 amare
1054 2886 1155 2933 caepi,
1184 2897 1258 2921 cum
1272 2888 1440 2934 primum,
1515 2886 1624 2924 effent
1643 2898 1679 2925 et
1701 2889 1866 2938 Daphnis
1893 2898 1928 2926 et
1948 2889 2080 2934 Chloe,
2110 2890 2213 2928 facile
2242 2901 2339 2940 patet
2369 2905 2389 2930 e
2417 2907 2512 2944 prae-

456 2936 534 2974 &a
573 2937 694 2974 Habet
712 2946 748 2973 et
771 2937 961 2982 Virgilius,
988 2937 1087 2987 quod
1111 2937 1155 2973 ad
1176 2938 1333 2975 amuffim
1353 2953 1439 2989 qua·
1516 2940 1633 2978 ditiis.
1682 2949 1833 2982 Amnum
1861 2948 1993 2992 εφιλκν,
2019 2942 2238 2986 ὡεζοιᾶων,
2273 2956 2514 2990 ›tyn-tumvana.

456 2991 535 3027 drat
561 3003 644 3027 cum
684 2989 750 3026 hac
783 2989 1048 3033 emendatione,
1086 2990 1243 3027 parvam
1275 2990 1333 3029 Te.
1389 2993 1443 3030 Ita
1517 3001 1587 3040 Kaq
1622 3001 1777 3032 οΥΔΕΝ
1805 3001 2095 3035 ΔΡΑΣΑΝΤΕΣ
2124 3004 2304 3040 ΠΛΕΟΝ,
2344 3015 2513 3042 ειυς-ωτι.

457 3042 531 3080 fere
558 3056 622 3093 pro
642 3042 852 3091 virguncula
871 3042 1060 3080 adhibetur
1087 3043 1139 3080 V.
1180 3051 1317 3086 KOPH,
1348 3045 1443 3095 apud
1512 3045 1615 3083 ibid.
1643 3060 1725 3098 pag.
1743 3046 1805 3084 86.
1844 3047 2018 3098 Speciosae
2048 3058 2168 3087 tamen
2194 3052 2437 3091 emendationi
2456 3054 2514 3091 vi-

459 3096 643 3142 Longum.
673 3098 701 3115 ‘⁶
718 3103 863 3133 Tae-⁸⁷01·
884 3093 920 3132 δὶ
940 3111 1011 3145 a&
1031 3113 1070 3147 τῃ
1091 3104 1180 3147 Κλοῃ
1200 3113 1238 3133 το
1258 3103 1382 3147 κφελες
1401 3096 1444 3136 ba
1518 3098 1641 3136 deatur
1673 3100 1810 3138 obstare
1844 3100 1943 3152 quod
1976 3102 2147 3151 sequitur,
2175 3115 2213 3141 v.
2233 3116 2296 3154 30.
2343 3115 2513 3150 ravato-xa,

462 3152 490 3168 ‘⁶
509 3151 585 3186 ὨΣ
615 3156 753 3194 Koma,
783 3151 852 3185 διο.
892 3148 1008 3186 Tanta
1030 3151 1182 3198 prcffem
1203 3151 1339 3186 tenebat
1355 3151 1445 3200 fim-
1515 3168 1689 3203 730⁶ssaeae
1713 3161 1853 3192 Koria.
1894 3153 1965 3192 Sed
1984 3154 2063 3192 haee
2083 3157 2212 3194 obiter.

455 3202 487 3221 “
496 3203 640 3252 plicitas
656 3200 784 3239 Chloen
802 3209 924 3251 utpote
938 3201 1146 3256 puellulam,
1159 3204 1256 3240 &c.''
1279 3203 1443 3243 Pastoral.
1575 3218 1596 3244 2
1625 3206 1728 3246 Poei.
1750 3207 1795 3244 L.
1814 3219 1850 3249 v,
1880 3220 1916 3252 c,
1931 3218 1967 3259 5.
1996 3221 2079 3259 pag.
2097 3210 2189 3261 637.
2218 3209 2308 3254 edit.
2328 3221 2367 3251 ut
2383 3212 2479 3265 supr.

2396 3337 2513 3405 Sed
