2852 4004
333 254 431 329 138
852 261 1141 299 NOTITIA
1188 257 1601 297 sonomoRtJM
1650 251 2036 291 THssocruTt.

326 343 638 396 comminuta
662 356 698 401 ¹,
739 338 790 390 ni
817 336 975 398 fallor,
1014 337 1076 388 ab
1115 335 1276 388 otiofis
1316 332 1666 405 grammatic15‚
1707 330 1853 399 longe
1881 339 1990 379 ante
2017 324 2249 396 Galliergi
2287 316 2511 396 tempora
2530 337 2571 376 ².

330 418 558 468 Tantum
598 414 677 465 ille
704 411 852 463 edidit
877 428 988 480 quae
1031 411 1127 461 late
1150 409 1303 480 sparsa
1341 409 1389 459 in
1419 405 1615 459 diversis
1641 404 1890 455 Vaticanis
1915 399 2184 452 Codicibus
2219 398 2422 461 invenit,
2462 399 2574 449 bre-

331 491 469 541 viora
490 489 572 538 ‘illa
595 488 722 538 fac'ta
750 483 1071 554 jamdudum,
1109 495 1157 534 et
1181 481 1531 541 contractiora3
1573 494 1854 547 magnoque
1880 487 1927 525 et
1953 472 2183 525 laudabili
2218 471 2383 531 labore
2408 487 2574 522 mem-

333 563 422 615 bra
447 562 524 611 vel
550 556 1068 628 disjeetarvelwluxata,
1107 574 1210 625 quo
1247 572 1376 606 nexu
1413 553 1588 623 potuit,
1628 551 1677 600 in
1707 566 1864 599 unum
1904 564 2081 618 corpus
2108 558 2361 615 utcunque
2396 545 2573 613 coegit.

333 637 397 692 In
421 634 495 684 his
522 650 618 683 una
643 630 998 700 componendis
1024 641 1073 679 et
1098 629 1318 698 aptandis
1352 625 1589 677 nonnulla
1613 623 1834 693 quidem,
1865 621 1943 671 sed
1973 638 2148 690 pauca,
2181 617 2406 688 reliquit;
2445 634 2576 687 quo-

330 725 446 758 rum
474 723 583 774 quae
608 704 703 773 legi
729 704 890 772 digna,
935 720 1069 752 nunc
1103 701 1286 753 caeteris
1312 698 1525 751 restituta
1550 698 1756 756 damus;
1806 711 1869 745 ex
1893 694 2064 744 iisdem
2097 703 2242 754 certe,
2283 703 2337 742 ut
2363 691 2574 751 videtur,

331 778 616 838 CodicibuS‚
654 776 832 846 quibus
859 774 969 825 usus
1002 786 1103 825 erat
1129 777 1309 826 Romae
1348 789 1490 841 agens
1516 769 1802 838 Calliergus.
1859 767 2054 817 Verum
2092 781 2457 834 nonnunquam
2492 780 2577 815 va-

330 852 422 903 rias
460 851 539 902 ille
564 851 812 901 Codicum
855 847 1056 898 suorum
1091 847 1320 897 lectiones
1354 843 1549 895 vetustis
1590 841 1786 892 scholiis
1824 839 2017 891 inseruit
2039 852 2076 891 3.
2139 841 2260 892 Hoc
2285 837 2474 888 videtur
2514 852 2577 887 ex

330 923 601 976 istiusmodi
626 922 781 982 verbis
807 919 979 992 paffim
1018 919 1404 978 occurrentibus,
1444 930 1472 948 “
1491 931 1662 990 Τξιχως
1685 914 1845 984 ἑυρομεν
1878 933 2169 984 μχοιμμενον
2194 933 2231 963 εν
2255 934 2339 966 τοις
2363 933 2455 981 παρ
2480 910 2578 980 ἧμιν

333 1011 362 1028 “
380 996 705 1068 αντιχοιφοις.”
723 1025 798 1034 -
823 1007 851 1025 “
867 1001 1083 1065 Γραφετοᾳ
1115 1015 1207 1054 naq,
1244 989 1369 1042 &c.”
1384 1019 1459 1029 -—
1478 1002 1505 1020 “
1522 997 1709 1060 rpacps’m
1745 981 1787 1038 δε
1812 985 1955 1042 ‘sams‘
1972 1018 2045 1028 —
2070 1000 2097 1018 “
2118 1001 2193 1042 Εςι
2219 979 2263 1036 ἐξ
2291 1006 2337 1035 το
2360 1005 2454 1056 παρ
2479 984 2576 1052 ἧμιν

325 1067 630 1139 ξ’λεγομενσνῗ
646 1098 720 1110 --
746 1081 773 1098 “
797 1083 847 1118 Εν
870 1076 1016 1120 aestimas·
1055 1063 1305 1137 xoeaeewqf'
1324 1093 1396 1103 --
1419 1077 1448 1094 “
1464 1076 1635 1138 Τξιχως
1667 1083 1746 1136 ραις
1773 1068 1941 1132 φερε-τοις
1974 1081 2012 1111 εν
2047 1082 2132 1115 τοις
2159 1055 2487 1130 αντιγραιφοις.”
2503 1086 2576 1098 --

330 1157 359 1175 “
377 1161 431 1194 Εν
449 1152 596 1197 comens·
619 1143 902 1212 αντιρξοιφοις
925 1139 1189 1211 γραφετοᾳ.”
1206 1167 1279 1179 --
1307 1150 1336 1168 “
1355 1132 1574 1207 Τέἲρριχως
1597 1157 1675 1196 uoq
1703 1152 1800 1184 78ch
1833 1141 2053 1206 γράφεται]
2077 1154 2115 1184 εν
2140 1155 2224 1187 τοις
2247 1130 2351 1203 παρ’
2369 1130 2466 1201 ἧμιν
2497 1151 2578 1181 ων-

330 1229 360 1248 “
374 1213 647 1288 τιγροιφοις.”
671 1227 698 1246 “
718 1231 771 1264 Εν
795 1214 938 1287 ἕτεροις
961 1206 1005 1262 δε
1027 1209 1287 1282 γραφετοᾳῗ
1306 1238 1380 1251 -ο-
1399 1223 1427 1240 “
1444 1216 1661 1281 172oequ
1685 1229 1763 1282 ραις
1788 1229 1866 1270 >seq
1889 1206 2050 1262 ἑτως.”
2069 1235 2138 1250 ·—-
2163 1218 2192 1237 “
2210 1221 2246 1255 H
2266 1212 2487 1273 γροιφετοᾳ
2504 1232 2580 1272 —7-

299 1349 303 1352 ¹
329 1302 360 1322 “
380 1291 436 1344 ὡς
460 1309 498 1340 εν
520 1286 672 1339 ‘cce-w?
715 1288 872 1358 Qd
896 1297 944 1336 et
968 1284 1142 1356 paffim
1166 1283 1360 1354 probari
1389 1282 1533 1352 poffit
1557 1299 1583 1331 e
1611 1280 1851 1331 fimilibus
1875 1280 2097 1350 pluribus
2117 1291 2158 1330 4.
2205 1277 2310 1330 Etfi
2337 1276 2579 1328 fatear-nur

332 1362 443 1414 istas
470 1361 660 1412 notulas
685 1375 967 1428 comparere
997 1358 1047 1407 in
1073 1355 1265 1407 scholiis
1300 1355 1443 1416 hisce,
1485 1365 1634 1425 prout
1661 1352 1810 1404 hodie
1833 1353 2008 1424 scripta
2035 1354 2201 1422 jacent
2231 1353 2284 1402 in
2309 1349 2581 1401 Codicibus

330 1434 596 1486 Vaticanis.
657 1433 808 1484 Hisce
833 1430 1146 1482 membranas
1172 1441 1354 1480 veteres
1381 1438 1567 1498 poterat
1591 1425 1940 1497 interpolaviffe
1963 1425 2233 1496 Calliergus
2254 1443 2267 1475 :
2306 1423 2385 1474 sed
2408 1422 2581 1475 saltem

331 1508 412 1560 hae
432 1507 612 1558 notulae
637 1523 756 1556 cum
778 1505 966 1574 reliquo
990 1502 1130 1554 omni
1156 1502 1338 1553 horum
1359 1499 1678 1552 Scholiorum
1704 1510 1843 1551 textu
1860 1499 2086 1550 constant
2113 1514 2308 1567 unaque
2332 1497 2581 1567 leguntur,

330 1582 383 1633 in
410 1578 702 1651 apographis
727 1591 855 1647 quae,
890 1577 1083 1648 propria
1110 1575 1315 1645 quidem
1343 1591 1515 1636 manu,
1550 1573 1800 1625 Codicum
1827 1573 2059 1624 omnium
2078 1572 2442 1624 Vaticanorum
2465 1568 2583 1622 fecit

333 1652 685 1707 accuratiffime
709 1651 1002 1720 summaque
1035 1649 1131 1700 fide
1157 1649 1239 1700 Cl.
1271 1647 1659 1699 Sanctamandus
1695 1645 1869 1697 noster.
1926 1645 2125 1697 Poterat
2150 1645 2299 1696 etiam
2331 1643 2424 1695 alia
2452 1659 2581 1695 non-

332 1727 469 1779 nulla
494 1725 659 1777 vacuis
682 1724 841 1794 spatiis
867 1723 1102 1793 prolixius
1129 1720 1336 1772 alleviffe
1363 1720 1655 1790 CallierguS,
1692 1731 1740 1770 et
1765 1719 1825 1769 de
1850 1719 1938 1770 suo
1965 1717 2192 1770 intulisse.

404 1800 498 1851 Sed
526 1811 580 1850 ut
605 1798 710 1849 haec
754 1797 1064 1848 omittamus,
1131 1797 1372 1865 Apparet,
1411 1794 1459 1844 id
1486 1794 1624 1863 quod
1649 1793 1805 1844 obiter
1830 1792 1982 1863 attigi,
2024 1790 2218 1843 Scholia
2256 1790 2307 1841 in
2332 1788 2584 1842 Theocri-

333 1885 463 1933 tum,
504 1871 683 1943 quibus
721 1870 867 1920 hodie
892 1869 1124 1929 fruimur,
1162 1869 1370 1919 collecta
1395 1866 1534 1918 fuiffe
1567 1883 1594 1917 e
1621 1866 1794 1937 majori
1833 1866 2000 1936 aliquo
2025 1883 2172 1936 opere
2197 1864 2293 1916 five
2318 1866 2584 1915 commen-

333 1948 474 2006 tario,
501 1964 529 1996 a
553 1943 772 2015 pluribus
799 1942 960 1994 forsan
988 1941 1327 2011 interpretibus
1353 1939 1600 1991 elaborato
1622 1964 1634 2000 ;
1673 1952 1721 1991 et
1746 1940 1795 1989 in
1824 1956 1979 1991 unam
2004 1938 2175 1990 seriem
2201 1937 2410 2000 reda&a‚
2436 1948 2581 1988 com*

332 2021 671 2091 pendiumque
695 2017 950 2086 quoddam
978 2014 1314 2074 commodiuS,
1352 2014 1414 2064 ab
1438 2013 1760 2083 epitomatore
1784 2012 1950 2082 aliquo
1974 2011 2051 2063 vel
2077 2011 2410 2082 compilatore.
2463 2011 2579 2063 Ha-

335 2096 515 2146 bentur
553 2088 758 2162 quidem
785 2089 930 2140 verba
969 2088 1065 2149 hic,
1105 2100 1154 2139 et
1190 2088 1460 2140 afferuntur
1494 2085 1757 2146 sententias,
1798 2085 2014 2147 Munati,
2055 2097 2102 2136 et
2128 2083 2459 2154 Asclepiadis:
2511 2084 2584 2136 ci·

335 2178 502 2219 tantur
528 2176 694 2215 tamen
732 2174 779 2212 et
804 2163 1058 2213 traduntur
1084 2161 1144 2211 ab
1171 2161 1289 2211 aliis,
1353 2159 1464 2211 Nifi
1491 2160 1607 2210 velis
1632 2159 1768 2229 quod
1794 2158 1849 2210 hi
1877 2159 2152 2229 caeterique,
2190 2169 2396 2229 excepto
2423 2157 2582 2212 Nica-

334 2258 455 2292 nore
493 2251 541 2289 et
567 2240 856 2296 Amaranto,
897 2253 994 2286 non
1022 2234 1222 2293 fuerint,
1262 2245 1316 2284 ut
1343 2234 1451 2304 jam
1486 2233 1607 2294 dixi,
1645 2250 1706 2283 ex
1739 2231 1950 2302 professo
1976 2231 2254 2284 Scholiastae
2293 2232 2345 2282 in
2384 2243 2582 2303 poetam

335 2312 563 2364 nostrum
583 2335 598 2372 ;
644 2309 723 2360 sed
762 2308 898 2378 quod
940 2320 1133 2358 tantum
1175 2307 1288 2358 libri
1327 2306 1564 2377 ipsorum,
1603 2305 1842 2375 fiquando
1882 2323 1957 2356 res
1999 2305 2178 2366 tulerit,
2218 2299 2582 2360 adhiberentur.

334 2387 568 2437 Praeterea
591 2384 813 2435 Nicanor
842 2391 1144 2432 memoratur
1170 2379 1250 2430 hic
1275 2381 1336 2430 ab
1366 2379 1478 2439 alio,
1506 2378 1664 2429 nescio
1692 2397 1811 2449 quo,
1847 2376 2231 2451 tkvacvnpcoilag'bv,
2263 2383 2582 2444 commentans,

338 2460 389 2510 in
416 2457 766 2509 Theocritum.
830 2454 954 2504 Non
991 2453 1071 2504 hic
1109 2471 1224 2522 ergo
1264 2465 1396 2504 extat
1434 2453 1483 2502 id
1510 2451 1671 2522 ipsum
1712 2453 1813 2521 ejus
1838 2451 2114 2521 ’τπσμγημαω
2152 2450 2238 2502 etfi
2280 2450 2442 2504 forsan
2480 2453 2585 2507 e'us
2618 2506 2622 2509 ,

341 2529 574 2583 medulla.
636 2529 760 2580 Non
803 2527 977 2597 legitur
1017 2525 1101 2577 hic
1139 2544 1322 2577 nomen
1352 2524 1631 2586 Amaranti,
1670 2543 1823 2595 quem
1866 2524 2045 2577 scimus
2078 2527 2129 2575 in
2169 2523 2394 2576 nostrum
2421 2539 2451 2576 E
2529 2549 2584 2580 ow
2631 2529 2633 2531 ’

408 2714 422 2739 1
458 2703 512 2739 Ita
530 2709 666 2738 tantum
690 2711 917 2737 EXCERPTA
939 2698 1014 2735 sunt
1035 2710 1114 2747 quae
1135 2698 1245 2736 hodie
1264 2698 1431 2744 leguntur
1562 2709 1581 2746 3
1614 2697 1722 2734 Forte
1742 2706 1778 2734 et
1802 2697 1839 2734 in
1867 2691 2127 2748 compingendi
2157 2709 2265 2746 opere
2286 2696 2405 2746 aliqua
2433 2705 2588 2744 mutare,

350 2757 387 2793 in
411 2754 650 2804 Apollonium
681 2752 868 2789 Rhodium
895 2751 1089 2788 doftiffima
1120 2752 1278 2789 Scholia.
1330 2752 1429 2789 Vide
1502 2749 1639 2787 necesse
1655 2750 1831 2789 habuerit.
1862 2751 2003 2788 Mirum
2022 2751 2120 2788 enim
2139 2761 2179 2788 ut
2195 2750 2322 2788 diffusa
2341 2750 2490 2789 fluauet
2506 2751 2586 2790 haec

350 2810 521 2846 Titulum
553 2806 634 2857 ipsis
667 2806 866 2856 praefixum.
911 2806 957 2842 Et
977 2805 1207 2854 Aristophan.
1230 2805 1353 2842 Schol.
1386 2804 1431 2842 ad
1502 2804 1643 2850 farrago
1675 2805 1713 2841 in
1745 2804 1945 2843 codicibus
1966 2804 2164 2842 Vaticanis.
2206 2803 2319 2854 Qod
2351 2803 2412 2841 ille
2437 2804 2586 2844 exhibet

352 2862 458 2899 Nub.
487 2875 523 2898 v.
545 2872 631 2910 397.
672 2860 795 2909 Inquit
815 2857 1045 2896 casaubonus
1066 2858 1111 2894 de
1134 2858 1287 2895 Scholiis
1307 2858 1431 2896 nostris
1506 2857 1650 2903 Codex,
1679 2857 1739 2894 hic
1759 2857 1890 2895 omifit.
1940 2857 2016 2894 Vel
2037 2858 2116 2894 vice
2137 2857 2246 2894 versa.
2282 2858 2366 2895 Nec
2391 2870 2482 2896 unus
2509 2857 2586 2908 fere
2655 2887 2666 2898 ..

353 2915 520 2964 loquens,
550 2917 577 2933 “
596 2913 747 2949 Utinam
775 2922 910 2949 extaret
938 2912 997 2948 illa
1026 2911 1121 2960 prior
1143 2912 1303 2949 Collec'ffio
1334 2925 1432 2950 mera
1504 2910 1553 2947 est
1572 2911 1634 2960 qui
1663 2911 1771 2948 alium
1791 2911 1907 2959 ullum
1935 2910 1998 2948 fibi
2027 2911 2180 2948 similem
2212 2910 2353 2949 habeat.
2399 2908 2587 2960 Gonjffiae

353 2977 459 3017 atquc
479 2968 628 3012 integra,
652 2968 749 3003 &c.''
787 2965 890 3003 Le&
908 2965 1069 3002 Theocr.
1091 2977 1124 3000 c.
1138 2965 1176 3003 ii.
1207 2966 1313 3001 Anne
1334 2966 1426 3011 vult,
1505 2964 1590 3000 hinc
1609 2965 1706 3009 inde,
1723 2975 1759 3002 et
1773 2963 1868 3015 quasl
1888 2964 2037 3002 fortuito
2055 2963 2224 3014 depofitae
2241 2964 2333 3010 sunt,
2355 2964 2587 3003 Scholiotum

355 3031 394 3057 ut
413 3021 560 3068 alicujus
578 3032 676 3063 cura,
693 3018 825 3068 publici
843 3018 932 3067 juris
952 3018 1051 3055 fieret
1071 3019 1251 3066 orzginalz's
1270 3019 1337 3055 ulla
1358 3019 1427 3055 ho-
1505 3017 1656 3056 laciniae.

353 3087 435 3110 rum
456 3072 684 3110 Scholiorum
712 3075 982 3110 COLLEch?
1017 3071 1067 3108 Ea
1087 3073 1337 3120 certe·jamdiu
1359 3085 1426 3121 pe-
1559 3086 1585 3121 4
1612 3071 1666 3107 Ita
1691 3071 1831 3120 jamdiu
1850 3071 2069 3108 vocabantur
2090 3070 2260 3118 Calliergi
2290 3071 2435 3109 scholia.
2478 3071 2536 3110 Ut
2565 3085 2587 3110 a

353 3128 473 3172 rietat,
514 3136 550 3163 et
585 3125 878 3175 epitomatoribus
906 3125 989 3170 suis,
1018 3134 1055 3161 ut
1087 3124 1139 3169 fit,
1170 3126 1290 3174 locum
1322 3126 1426 3164 cesse'-
1509 3124 1716 3175 Dausqueio
1735 3124 1780 3161 ad
1798 3125 1976 3169 Quintum
1997 3125 2205 3163 Calabrum.
2234 3138 2271 3174 p.
2293 3137 2354 3163 10.
2383 3134 2420 3162 vss
2439 3137 2502 3176 37.
2537 3125 2587 3164 Et

357 3190 422 3217 rat,
1508 3179 1638 3216 AEmil.
1675 3177 1881 3228 Leopardo,
1921 3177 2033 3215 Grut.
2065 3178 2198 3228 Lamp.
2234 3178 2317 3217 Art.
2339 3178 2391 3215 V.
2434 3192 2474 3228 p.
2495 3191 2585 3229 392.

413 3246 433 3269 z
462 3233 612 3269 Faftum
638 3231 707 3268 hoc
735 3240 814 3268 ante
835 3230 1005 3268 Eustachii
1033 3241 1195 3281 tempora
1220 3241 1333 3281 put0;
1368 3231 1431 3284 qui
1506 3231 1600 3269 661.
1644 3231 1706 3269 Ne
1725 3232 1847 3283 plures
1868 3231 2068 3270 nominem.
2107 3232 2209 3282 Qiu
2230 3233 2321 3269 etin
2340 3231 2471 3270 Titulo
2489 3245 2587 3271 non-

356 3303 400 3323 -m
432 3303 476 3325 εις
501 3294 697 3331 Θεοκφιτον,
735 3285 942 3321 Colle-[zama
973 3287 1011 3320 in
1036 3284 1267 3330 Theocritum,
1295 3286 1430 3323 laudat.
1503 3286 1681 3322 nullarum
1725 3286 1801 3335 post
1845 3285 2064 3331 Calliergum
2113 3286 2315 3324 editionum
2354 3278 2587 3332 vetustarum,

356 3339 459 3428 Idgm
491 3351 577 3375 vero
611 3348 787 3375 memorat
817 3341 999 3389 ὑπομνημθι
1019 3344 1194 3389 Orneus.
1230 3338 1343 3390 1685.
1369 3352 1429 3389 37.
1504 3345 1530 3359 ‘¹
1550 3350 1647 3377 Mum
1667 3356 1728 3376 των
1749 3350 1873 3389 gemm
1894 3346 2066 3387 szoeffln
2097 3354 2139 3377 τε
2160 3347 2351 3392 Κωᾶκιιςγε
2380 3355 2471 3377 πων
2495 3336 2586 3388 ὀφι-

360 3405 379 3429 e
421 3402 446 3429 t.
476 3403 587 3447 1550.
1503 3393 1646 3443 λιμων.”

2440 3471 2589 3525 com-
