2852 4004
418 342 496 383 DE
551 342 728 382 POESI
783 337 1092 380 BUCOLICA
1148 338 1514 381 GRAECORUM
1568 339 2016 382 DISSERTATIO·
2116 319 2329 381 XXXVll

266 441 310 474 ‘⁴
337 447 643 510 trameter,
678 431 788 518 qui
812 430 1195 494 clauderetur
1226 430 1489 519 dactylo,
1527 435 1891 498 terminante
1926 454 2160 523 partem
2193 456 2329 497 ora-

268 533 312 564 “
338 525 518 587 tionis
550 540 734 610 atque
785 521 938 586 adeo
970 521 1371 586 Alcmanicus
1392 522 1478 585 ¹.’'
1553 525 1739 586 Porro
1773 524 2056 591 laudatur
2086 525 2331 589 Bucoli-

265 638 412 679 cum
448 638 716 692 carmen,
765 621 926 678 certe
955 611 1334 677 numerofius
1364 617 1495 693 erit,
1539 612 1584 677 fi
1615 617 1815 701 primo
1850 617 1988 682 loco
2018 618 2092 682 fit
2122 618 2333 704 dacty-

266 704 378 785 lus,
428 722 490 768 et
522 706 740 792 pedem
773 703 1040 771 absolvat
1058 714 1100 768 ².
2001 708 2008 714 “

359 797 547 883 Qod
583 799 800 861 attinet
835 797 910 883 ad
949 814 1156 884 poetas
1193 797 1512 861 Bucolicos
1546 801 1783 861 Graecos
1819 825 2086 887 quorum
2118 800 2336 888 scripta

224 888 229 889 ⁷
269 888 348 953 ad
379 912 502 952 nos
546 912 886 976 pervenere,
938 904 1223 975 praetereo
1258 890 1514 952 Bionem
1563 906 1624 952 et
1658 890 2007 971 Moschum,
2056 891 2336 956 venustos

270 981 408 1045 sane
466 996 528 1044 et
584 977 821 1044 festivos
885 979 1287 1044 Pastoralium
1343 982 1690 1045 carminum
1746 989 2015 1047 auctores
2043 1009 2061 1060 ;
2119 1001 2198 1047 set
2257 983 2337 1047 ad

270 1071 684 1138 Theocritum
729 1070 968 1149 festin0‚
1019 1073 1128 1158 qui
1173 1075 1450 1160 princeps
1499 1071 1618 1136 hoc
1664 1097 1876 1161 genus,
1926 1091 1997 1137 ut
2029 1075 2163 1162 jam
2197 1099 2336 1138 mo-

272 1165 541 1243 nuimUS,
592 1166 848 1227 ornavit.
927 1167 1135 1250 Qem
1166 1164 1422 1251 quidem
1455 1163 1626 1228 nulla
1659 1168 1891 1229 ratione
1925 1191 2025 1229 me
2056 1190 2341 1229 commo-

273 1256 410 1320 dius
459 1254 802 1343 expendere
848 1271 910 1318 et
948 1255 1278 1343 dijudicare
1326 1255 1487 1343 poffe
1531 1254 1801 1335 confid0‚
1853 1281 2045 1345 quam
2093 1256 2140 1320 fi
2194 1281 2341 1321 cum

273 1346 538 1435 Virgilio
586 1345 927 1410 breviffime
986 1345 1318 1411 conferam.
1402 1352 1486 1410 Et
1539 1346 1813 1436 profe&o
1862 1350 2134 1414 nobilem
2192 1373 2342 1436 prae-

276 1442 660 1528 cipuumque
695 1445 848 1527 puto
874 1437 1280 1505 Theocritum
1313 1441 1376 1502 in
1413 1438 1879 1505 circumstantiis
1914 1442 2048 1520 illis,
2082 1439 2199 1503 five
2235 1439 2345 1503 ad·-

268 1533 518 1622 jUnctiS,
567 1546 707 1618 apte
741 1530 1057 1618 seligendis
1087 1547 1149 1594 et
1177 1530 1558 1610 adhibendis,
1607 1555 1743 1618 quae
1771 1531 2076 1598 leviffimae
2110 1532 2253 1596 licet
2283 1547 2349 1595 et

278 1622 356 1690 ab
392 1622 520 1687 aliis
554 1621 1000 1711 praetereundae,
1052 1646 1184 1686 rem
1220 1623 1494 1710 aliquam
1529 1623 1864 1688 distinctius
1895 1627 2250 1713 exprimunt
2286 1641 2349 1687 et

279 1716 542 1803 apertius
586 1730 926 1802 exponunt.
1009 1714 1323 1778 Permulta
1366 1731 1700 1779 occurrunt
1744 1715 1906 1804 apud
1939 1716 2351 1780 Theocritum

244 1805 620 1872 'suavissima
655 1806 775 1887 hoc
821 1829 1040 1894 genere
1075 1822 1136 1869 et
1183 1813 1549 1880 esmmmwssoe,
1598 1830 1732 1893 quae
1773 1832 1899 1872 non
1946 1807 2119 1872 ausus
2151 1807 2237 1871 est
2285 1812 2353 1873 in

285 1902 580 1986 Latinam,
616 1896 823 1986 poefin
863 1896 1180 1961 transferre
1218 1895 1552 1962 fastidiosus
1586 1899 1925 1986 Virgiliu83
1985 1925 2132 1988 quas
2167 1904 2354 1965 nimi-

285 2015 430 2056 rum
464 2014 590 2054 non
630 1988 808 2054 facile
859 1988 1127 2052 tuliffent
1176 2007 1388 2053 teretes
1422 1993 1856 2055 Romanorum
1909 2016 2096 2056 aures,
2178 1992 2358 2057 Nihil

288 2083 613 2171 supprimit
662 2098 768 2144 aut
795 2079 1157 2145 -diffimulat
1198 2079 1587 2160 Theocritus,
1649 2084 1821 2169 quod
1870 2083 2061 2148 solent
2108 2101 2357 2150 aetatum

289 2174 645 2265 politiorum
679 2189 907 2260 poetae:
959 2177 1170 2237 omnia
1201 2175 1441 2236 minute
1465 2173 1837 2238 describitet
1867 2194 2122 2241 enarrat.
2178 2180 2359 2248 ⁴Hinc

292 2266 379 2333 est
412 2265 583 2354 quod
618 2267 815 2328 tenuis
850 2270 912 2327 et
935 2265 1108 2328 exilis
1142 2263 1215 2328 fit
1240 2269 1438 2344 Mam,
1487 2265 1739 2352 quando
1776 2266 2164 2346 TheocrituS,
2215 2293 2361 2332 ean-

292 2359 440 2424 dem
474 2381 604 2422 rem
646 2361 926 2434 traCtanS‚
977 2372 1038 2420 et
1073 2356 1286 2445 plenus
1319 2355 1411 2433 fit,
1462 2373 1524 2419 et
1557 2357 1855 2446 copiosuS,
1906 2377 1968 2423 et
2000 2360 2359 2446 multiplex:

291 2450 467 2539 'quod
517 2448 619 2512 hic
673 2473 762 2512 res
804 2451 1128 2536 exprimat,
1178 2448 1280 2512 ille
1327 2465 1574 2513 tantum
1614 2450 1865 2514 indicet.
1940 2455 2138 2515 Poetae
2183 2451 2366 2515 Siculi

297 2565 748 2629 nonnunquam
782 2543 1111 2605 concinnas
1145 2534 1337 2628 magis
1373 2539 1799 2628 descriptiones
1833 2536 2134 2607 imitando
2164 2542 2368 2606 reddi-

301 2635 396 2699 dit
426 2638 787 2711 Romanus3
839 2655 975 2718 quae
1006 2648 1214 2696 tamen
1251 2633 1390 2695 ideo
1433 2633 1701 2719 pulchrae
1742 2652 1932 2713 erant,
1983 2635 2153 2722 quod
2202 2649 2371 2698 erant
2430 2664 2432 2674 ·

302 2728 705 2791 inconcinnae.
814 2724 1124 2812 Expolivit
1190 2723 1292 2788 ille
1345 2723 1516 2811 quod
1571 2748 1695 2787 non
1752 2725 2044 2790 debuerat
2096 2725 2370 2814 expoliri.

305 2817 671 2907 Castigatior
695 2814 1057 2894 Theocrito,
1090 2817 1417 2904 comptior,
1458 2815 1851 2895 enucleatior,
1886 2818 2218 2906 elegantior
2252 2815 2375 2880 for—

366 3014 380 3040 ι
413 3002 504 3049 Pag.
523 3013 585 3053 ις.
625 3001 853 3048 Leovardiae,
884 3009 998 3050 1747-
1496 2998 1629 3037 Noster
1650 3013 1747 3037 rarus
1767 3013 1810 3037 eo
1830 3000 1945 3051 pastor
1967 3001 2087 3038 Maso.
2107 3016 2213 3030 —-

306 3055 328 3078 '⁷
365 3057 472 3094 Hanc
494 3054 650 3093 bucolici
668 3056 775 3094 metri
790 3055 965 3093 rationem
981 3053 1171 3101 diligenter
1190 3053 1314 3092 obser-
1389 3051 1494 3104 Qid
1524 3064 1645 3090 tamen
1676 3053 1870 3103 profecerit
1899 3054 1965 3092 hac
1996 3054 2033 3091 in
2066 3066 2164 3104 parte
2194 3053 2383 3098 Virgilius,

310 3110 404 3148 vaffe
421 3109 635 3156 Virgilium,
660 3109 737 3157 ejus
757 3107 969 3146 difficultate
987 3108 1215 3152 deterritum,
1245 3107 1311 3145 tes·
1389 3106 1570 3144 versiculis
1604 3106 1685 3156 ipfis
1720 3109 1916 3144 numeratis
1951 3118 1986 3145 et
2017 3108 2194 3145 aestimatis
2223 3117 2385 3145 accurate

312 3164 360 3201 tis
391 3164 438 3201 est
461 3164 643 3207 Donatus,
668 3162 708 3200 -in
728 3162 808 3201 Vit.
834 3161 964 3207 Virgil.
1009 3162 1064 3198 Ita
1093 3174 1239 3212 quoque
1270 3160 1317 3198 de
1389 3160 1468 3197 satis
1487 3160 1638 3197 ostendit
1654 3158 1921 3198 Valckenarius.
1954 3163 2055 3209 Qot
2075 3162 2180 3198 eriam
2204 3162 2238 3198 in
2258 3161 2384 3213 Thes>-

313 3216 521 3256 Theocrito
538 3215 691 3266 loquens
711 3217 865 3255 Maurus
888 3215 1142 3252 Terentianus.
1391 3214 1482 3252 crito
1502 3213 1548 3250 ad
1565 3226 1729 3250 normam
1746 3214 1846 3250 ‘suam
1866 3216 2008 3251 tornati.
2050 3214 2141 3251 Ibid.

423 3271 567 3362 Jugitesr
603 3268 696 3308 hanc
728 3270 854 3319 *legem
892 3278 971 3307 toto
1010 3282 1122 3320 prope
1161 3268 1321 3308 carmine
1398 3320 1416 3367 ς
1450 3280 1470 3304 2
1501 3266 1642 3305 Confer
1662 3266 1760 3304 Vofl:
1795 3268 1948 3306 institut.
1973 3267 2113 3307 Poetic.
2146 3268 2190 3306 L.
2216 3268 2269 3304 iii.
2297 3278 2328 3304 c.
2352 3267 2384 3301 8.

546 3331 672 3362 ervat:
1425 3350 1433 3358 .
1457 3333 1514 3359 ιο.

1542 3447 1584 3512 k
2258 3440 2400 3506 tasse
