2852 4004
885 271 1678 341 NoTAE.xw4a
2257 278 2358 347 ὥς

274 388 491 447 mmm,
527 377 756 432 efficitur.
811 378 953 433 Hinc
974 390 1024 432 et
1050 378 1108 432 fit
1133 392 1464 433 ΑΔΕΜΑτοΣ.
1519 378 1801 449 Hesychius
1825 376 2044 431 habetet
2071 393 2351 432 AAEIMON.

270 451 455 521 αφοςον.
518 454 649 506 Eam
685 453 972 516 lectionem,
1009 452 1077 507 sc.
1119 447 1341 524 αιδέμοιτε,
1381 454 1433 506 ni
1467 466 1788 524 porrexerant
1824 467 2103 525 opportune
2127 455 2353 516 Codice5‚

270 526 499 579 eruiffem
525 527 717 581 sensum
736 528 883 599 hujus
908 528 1004 581 loci
1022 545 1050 580 e
1074 526 1269 580 scholiis
1291 528 1651 599 manuscriptis,
1671 546 1783 598 quae
1813 545 1948 579 nunc
1975 527 2197 599 primum
2225 529 2354 599 pub-

271 599 355 652 lici
372 601 496 671 juris
519 600 666 657 faci0.
707 602 782 656 Ni
807 621 918 656 vera
939 620 1039 655 vox
1056 601 1262 664 excidit,
1291 601 1361 654 ibi
1384 602 1622 674 scriptum
1640 602 1711 653 est
1736 596 1994 671 αὸοιμοιντκ,
2020 604 2157 670 quod
2184 603 2356 654 debuit

268 673 410 726 fuiffe
433 670 658 746 ωὸοιμοὶἶε,
685 689 739 729 ut
763 677 955 730 videtur
979 694 1069 749 pro
1095 670 1351 747 ωδᾶμοις-ου,
1378 677 1525 728 metri
1552 676 1736 747 gratia:
1774 694 1892 728 nam
1918 675 2064 727 lectio
2089 677 2188 738 illa,
2216 696 2354 748 quae-

267 765 468 820 cunque
500 750 664 814 fuerit,
703 752 978 824 explicatur
1004 771 1201 813 επιπονκ,
1238 751 1300 804 sc.
1341 751 1595 805 indomitae.
1654 750 1805 803 Sensu
1831 751 2038 822 quidem
2067 768 2171 802 non
2200 752 2352 811 male,

264 822 347 875 sed
393 825 560 878 minus
590 820 738 879 facili.
798 826 923 879 Non
956 823 1211 878 diffimulo
1236 825 1464 889 CodiceS,
1506 825 1759 898 speciatim
1785 825 2187 877 Laurentianum
2220 828 2352 897 opti-

266 915 436 961 mum,
462 897 644 952 habere
668 895 892 970 αδὶιμοίῖκ.
948 897 1234 972 Repperiffe
1260 901 1305 951 se
1330 899 1529 952 testatur
1555 898 1848 971 Stephanus,
1880 899 1931 950 in
1959 900 2103 952 veteri
2129 901 2352 969 quodam

266 971 472 1034 Codice,
494 973 823 1027 monstrosam
841 974 1107 1027 lectionem
1130 968 1389 1044 domam,
1408 992 1561 1045 quam
1590 991 1651 1025 ne
1672 973 1883 1044 margini
1903 972 2110 1043 quidem
2131 974 2217 1025 suo
2238 974 2353 1044 dig-

265 1057 410 1098 natus
434 1045 506 1098 est
539 1048 787 1102 ascribere.
853 1049 997 1102 Idem
1034 1048 1207 1120 reponi
1238 1047 1371 1118 poffe
1394 1047 1602 1100 credidit
1637 1048 1880 1119 aptissime
1903 1060 2151 1118 ωλεμοιτκε
2197 1066 2354 1118 quam

265 1137 360 1192 pro
386 1119 470 1172 sua
496 1122 649 1175 etiam
673 1123 960 1195 conjectura
986 1123 1203 1175 venditat
1227 1122 1328 1192 Jos.
1360 1123 1594 1195 Scaliger,
1634 1138 1947 1174 EMENDAT.
1988 1133 2044 1173 ut
2074 1122 2200 1194 supr.
2240 1140 2352 1193 pag.

269 1210 394 1265 227.
457 1197 531 1248 Ut
556 1214 738 1270 nempe
761 1198 1044 1269 poenitentis
1075 1195 1205 1255 effet,
1242 1211 1291 1250 et
1321 1197 1369 1249 se
1406 1196 1620 1249 stultitiae
1646 1195 1946 1258 damnantis,
1984 1195 2153 1248 oratio.
2219 1197 2354 1269 Qae

263 1281 395 1321 certe
428 1287 532 1322 non
569 1273 799 1325 convenit
836 1271 992 1325 menti
1018 1271 1289 1343 GorgoniS,
1329 1283 1379 1324 et
1413 1270 1533 1324 huic
1572 1271 1703 1333 loco,
1743 1271 1994 1323 sententia.
2059 1270 2355 1342 Interpretes

263 1341 454 1413 Latini,
491 1345 579 1416 qui
604 1357 817 1408 vertunt,
856 1357 896 1380 “
913 1347 964 1399 O
990 1346 1216 1399 animam
1243 1345 1608 1417 incorpoream,''
1653 1344 1881 1397 videntur
1907 1347 2163 1396 auctorem
2188 1342 2353 1396 habu-

261 1416 354 1471 iffe.
386 1419 774 1490 grammaticum
806 1419 1026 1474 sublestae
1051 1418 1186 1481 fidei,
1225 1419 1534 1491 Gregorium
1569 1437 1751 1491 nempe
1769 1445 1784 1482 ;
1834 1420 1974 1490 cujus
2006 1418 2353 1472 circumfertur

262 1491 326 1543 de
356 1492 566 1545 dialecto
598 1493 784 1547 Dorica
826 1492 1121 1548 fasciculus:
1172 1493 1259 1548 ubi
1301 1492 1543 1556 scribitur,
1582 1503 1616 1527 “
1637 1495 1800 1547 Dores
1837 1506 2155 1545 AAEMATON
2194 1487 2352 1565 ψυχην

260 1582 532 1629 vocare-vnn
555 1589 717 1645 νεκςαν,
752 1591 870 1636 »mur
909 1585 1019 1624 ΕΞΩ
1058 1570 1381 1622 ΣΩΜΑΤΟΣ.”
1443 1568 1579 1621 Edit.
1611 1567 1766 1642 1766.
1806 1585 1917 1639 pag.
1942 1569 2057 1637 169.
2112 1567 2351 1620 Eboanus

262 1639 468 1706 Heffus,
507 1642 559 1694 in
585 1643 788 1696 metrica
812 1642 897 1697 sua
922 1643 1154 1705 verfione,
1193 1642 1381 1714 aliquid
1407 1641 1491 1695 hic
1515 1643 1577 1695 de
1590 1641 1755 1714 populo
1779 1641 2052 1694 intellexit:
2099 1642 2236 1713 quafi
2262 1660 2353 1694 vo-

260 1715 522 1780 cabulum,
558 1715 623 1768 de
650 1735 761 1788 ⁴quo
792 1729 902 1772 tam
931 1717 1105 1771 multis
1144 1717 1361 1789 agimuS,
1407 1737 1436 1771 a
1463 1711 1596 1784 ὃημος
1631 1717 1910 1770 deduceret.
1975 1718 2105 1787 Qae
2141 1717 2351 1787 quidem

259 1790 498 1844 omnium
528 1790 828 1862 ineptiffima
851 1792 923 1846 est
955 1804 1005 1845 et
1030 1792 1363 1864 interpretatio
1389 1803 1438 1844 et
1461 1793 1763 1864 conjectura.
1825 1789 2108 1842 Monstrosa
2133 1791 2215 1843 illa
2238 1791 2350 1843 Ste-

258 1862 414 1936 phani
436 1865 582 1918 lectio
606 1865 798 1918 constat
823 1865 874 1919 in
902 1866 1172 1921 VaticaniS.
1235 1867 1477 1934 Qorum
1503 1866 1670 1918 nullus
1697 1865 1816 1918 huic
1841 1865 1954 1918 loco
1978 1863 2235 1919 succurrit.

254 2010 287 2064 f
332 1937 554 1994 Ibid.—-
575 1938 750 2011 ’τμμικ
787 1942 908 2015 &c.]
950 1941 1108 1995 “Vix
1133 1939 1261 1994 evafi
1282 1939 1355 1993 ad
1386 1958 1469 1994 vos
1492 1939 1637 2004 salva,
1676 1950 1880 2013 urgente
1913 1938 2058 1990 turba
2083 1951 2190 1992 tam
2226 1956 2352 1999 con-

278 2015 428 2067 erta.'’

345 2087 411 2139 V.
441 2090 493 2142 6.
519 2120 596 2132 —
618 2084 958 2167 Χλσιμυδηφοςοι
1001 2087 1192 2164 adpre]
1264 2089 1548 2161 Intelligere
1591 2088 1784 2141 videtur
1827 2086 2118 2140 Scholiastes
2160 2088 2346 2144 milites.

257 2160 382 2217 Vid.
410 2161 625 2218 Lucian.
653 2164 791 2218 Dial.
819 2165 1030 2218 Meretr.
1059 2164 1244 2218 Wetst.
1273 2165 1369 2217 III.
1408 2181 1521 2236 pag.
1541 2161 1664 2217 280.
1716 2162 1812 2214 Sed
1838 2175 2050 2232 Χλοιμυς,
2074 2163 2345 2225 interdum,

257 2235 545 2308 sim-pliciter
568 2237 811 2310 fignificat
848 2238 1062 2292 tunicam
1079 2263 1096 2302 ς
1147 2239 1220 2292 uti
1244 2240 1298 2291 in
1335 2238 1435 2291 hoc
1474 2237 1659 2290 inedito
1699 2237 2058 2310 epigrammate
2082 2237 2346 2310 Meleagri.

255 2309 413 2366 MSS.
437 2312 583 2366 Anth
607 2313 672 2366 C.
691 2311 857 2385 Ceph.
899 2313 1012 2366 Lib.
1034 2315 1075 2366 Ι.
1119 2314 1296 2367 Carm.
1325 2312 1411 2366 82.

481 2446 530 2485 Ec
568 2427 837 2484 XAAMTA'
853 2449 963 2493 αχεν
990 2444 1118 2502 Epeos,
1154 2448 1263 2500 μητε
1287 2425 1438 2500 ffiepoes
1460 2419 1574 2497 μηδ’
1589 2446 1660 2477 em
1688 2448 1823 2478 νωτων

555 2503 674 2575 Toga
698 2525 760 2565 τε,
796 2526 873 2567 κα]
898 2509 1120 2580 <panget-pm,
1155 2506 1261 2555 αλλ’
1284 2505 1406 2574 εφομί
1444 2514 1729 2559 ΠΕΤΑΣΟΝ,

479 2595 567 2644 Noq
592 2602 652 2631 πν
676 2577 802 2651 ἁξρον
829 2575 982 2646 εφηςον
1006 2598 1266 2648 επομνυμαμ,
1305 2590 1508 2640 Ara-noxae
1538 2595 1619 2645 μεν

553 2670 610 2706 Ην
634 2675 689 2726 ap
716 2669 842 2726 Ερως,
880 2646 948 2704 ὁδ’
965 2667 1079 2726 Ερως
1102 2663 1338 2723 τκμποιλιν
1363 2664 1577 2714 Αντιοχος.

256 2769 338 2823 Se.
378 2778 414 2803 ‘⁴
433 2769 484 2822 Si
507 2781 704 2822 tantum
731 2767 970 2822 tunicatus
993 2765 1111 2819 effet
1150 2764 1340 2836 [nudus
1367 2761 1458 2835 sc.]
1500 2763 1686 2822 Amor,
1727 2777 1888 2830 neque
1908 2757 2210 2831 pharetram,
2251 2774 2340 2809 ne-

255 2862 355 2916 que
380 2845 479 2898 alas
507 2843 732 2915 gestaret,
769 2843 848 2895 sed
875 2841 1122 2913 galerum,
1162 2850 1312 2910 prout
1335 2836 1488 2907 vulgo
1525 2835 1600 2898 fit,
1638 2834 1866 2896 haberet;
1911 2832 2025 2885 sane
2050 2832 2128 2883 vel
2154 2832 2340 2885 Antio-

253 2919 397 2983 chus,
437 2937 561 2992 puer
583 2916 848 2980 formosus),
887 2915 1002 2968 effet
1028 2917 1211 2974 Amor,
1246 2911 1344 2974 vel,
1385 2916 1576 2970 contra,
1606 2911 1771 2962 Amor
1796 2905 2130 2960 Antiochu8.''
2183 2906 2339 2958 Stric-

253 2995 350 3046 tius
376 3007 562 3056 tamen,
602 2991 653 3044 in
689 2991 786 3045 hoc
811 2990 1049 3052 carmine,
1088 2984 1404 3059 fignificatur,
1448 2982 1584 3053 vestis
1606 2981 1819 3054 puerilis.
1883 2983 2164 3035 Puerorum
2189 2979 2340 3032 etiam

217 3064 220 3065 ⁷
251 3068 465 3139 Petastcs.
526 3065 628 3138 Jul.
662 3066 863 3128 Pollux,
902 3066 968 3117 X.
997 3063 1111 3133 164.
1177 3069 1284 3112 “To
1309 3053 1353 3134 δε
1385 3080 1467 3111 των
1500 3057 1667 3126 εφηςων
1710 3065 1887 3127 φορημοι
1921 3069 2223 3108 ΠΕΤΑΣοΣ
2261 3076 2340 3118 ‚0014

250 3156 533 3196 ΧΛΛΜΥΣ.
609 3141 907 3214 Epheborum
940 3136 1171 3209 gestamen
1203 3135 1403 3206 Petafiaes
1443 3143 1489 3184 et
1528 3131 1784 3202 Chlamys.''
1846 3130 1968 3184 Vid.
2009 3129 2106 3182 Gr.
2148 3128 2335 3199 Interp.

253 3218 489 3272 Maccab.
519 3217 588 3271 II.
613 3218 680 3269 iv.
709 3235 791 3270 12.
813 3215 899 3268 'V.
927 3228 1125 3266 Πετοιπν.
1186 3209 1343 3278 Apud
1371 3205 1691 3278 Sapphonem
1718 3203 1850 3256 venit
1884 3220 2056 3256 AMOR
2090 3220 2336 3273 purpurea

250 3289 486 3365 chlamyde
528 3291 749 3345 indutus:
813 3289 1018 3359 Fragm.
1053 3282 1299 3336 LXVIII.
1370 3281 1758 3351 Conjunguntur
1801 3279 1998 3348 Petastts
2035 3287 2085 3329 et
2128 3274 2336 3348 Chlamys

237 3366 389 3440 apud
413 3366 580 3420 Plaut.
608 3364 785 3418 Pseud.-
810 3363 905 3417 IV.
936 3362 1022 3414 vii.
1062 3356 1248 3410 Lamb.
1284 3355 1360 3407 ed.
1390 3354 1512 3428 837.

474 3467 643 3520 Etiam
668 3462 788 3538 opust
815 3457 1064 3535 Chlamyde
1087 3468 1136 3511 et
1163 3453 1397 3510 machera
1421 3462 1469 3504 et
1486 3448 1654 3523 petafi.

1461 3550 1513 3602 T
1540 3560 1581 3602 t'
1615 3588 1620 3594 .
1675 3616 1687 3625 Ι
2122 3544 2336 3597 Necnon
