2852 4004
472 294 545 368 9⁶
1058 289 1129 343 N·
1153 289 1205 344 o
1242 289 1296 345 T
1325 289 1412 346 ΛΕ.
1524 285 1700 341 vm.
1739 298 1828 352 40.
1865 298 1959 357 49.

542 393 609 445 V.
627 409 715 460 40.
734 419 807 433 —
827 404 1005 463 Xoupmv.
1020 391 1118 464 —]
1162 390 1383 462 Reponit
1403 387 1639 442 -Reiskius
1665 407 1884 459 χιμοορων.
1941 383 2214 458 Eleganter
2239 384 2296 440 ki
2315 384 2544 460 quidem.

470 468 529 522 Si
550 464 665 538 quid
694 462 975 536 capellarum
999 462 1245 519 Menalcas
1267 463 1355 527 huc
1377 462 1544 535 egerit.
1610 461 1687 514 Ut
1717 460 1819 515 hoc
1841 474 2114 517 XIMAPnN
2149 461 2435 532 respondeat
2471 458 2547 513 illi

469 563 556 597 τοις
583 551 835 611 Δειμαιλοις,
873 555 920 589 V.
939 538 1026 608 36.
1890 536 1893 541 ⁴
2243 589 2245 593 ,

544 614 612 665 V.
632 630 723 681 41.
764 610 927 684 Παιντξι.
949 632 1038 684 sap.
1057 612 1156 684 -]
1196 610 1459 682 Legerem,
1484 627 1606 679 cum
1632 606 1770 662 Aldo
1794 618 1844 660 et
1867 606 2130 679 Calliergo‚
2156 605 2313 667 Haila..
2360 617 2394 642 “
2417 609 2547 678 0Μῇ-

470 705 584 742 NIA
617 687 729 742 sunt
757 685 898 739 Verl’
959 683 1057 739 Sed
1081 684 1261 738 eadem
1283 696 1478 754 recepta
1499 701 1599 736 vox
1634 681 1840 750 subinde
1861 682 1935 735 bis
1960 681 2255 736 occurrit-et
2279 683 2549 756 repetituri

469 761 558 814 ubi
583 761 732 814 etiam
757 757 943 812 neceffe
966 757 1038 812 est
1057 771 1113 811 ut
1138 777 1228 830 pro
1254 778 1472 823 παντωχε
1489 756 1744 810 habeatur.
1781 757 1859 811 Ut
1883 755 2088 827 Idy11.1;
2108 773 2195 828 55.
2239 758 2555 834 Qanquam,

471 853 574 888 vox
596 852 670 897 ea,
698 834 775 887 bis
799 832 1018 905 repetita,
1044 831 1277 886 scribatur
1301 831 1363 882 ab
1379 832 1518 884 Aldo
1540 842 1592 884 et
1615 829 1880 900 Calliergo,
1908 843 1964 883 ut
1987 830 2038 882 in
2063 831 2228 905 primo
2251 831 2382 886 loco.
2419 830 2558 890 Por-

471 927 547 973 r0,
575 909 627 960 in
654 909 821 980 primo
843 906 930 959 illo
954 906 1084 968 loco,
1108 905 1144 979 ξι
1171 904 1460 977 producitur
1484 906 1535 957 in
1558 904 1628 957 V.
1655 902 1842 977 παντξὶε
1886 905 2074 978 quippe
2096 906 2260 976 quod„
2291 905 2365 959 uti
2387 905 2551 960 credi-

468 983 649 1046 derim,
686 980 890 1052 sequens
915 998 1015 1032 vox
1051 1000 1124 1053 cap
1149 977 1535 1049 monosyllabice
1572 978 2013 1050 pronunciaretur3
2059 978 2259 1033 literulis
2281 979 2377 1034 inis
2403 998 2552 1037 voca-

470 1056 601 1109 libus
634 1077 702 1114 ca,
747 1056 872 1107 inter
911 1053 1342 1126 pronuntiandum
1382 1051 1783 1115 coalescentibuS,
1827 1063 1879 1104 et
1914 1052 2060 1108 unius
2096 1053 2202 1108 vim
2238 1054 2552 1110 consonantis

472 1129 785 1184 habentibus,

548 1216 691 1270 Hinc
713 1211 969 1284 Virgilius,
1008 1210 1123 1265 Ecl.
1143 1211 1264 1265 VII.
1287 1228 1317 1284 5
1325 1231 1376 1284 3.

694 1313 832 1364 Stant
858 1321 908 1362 et
925 1308 1159 1382 juniperi,
1196 1320 1245 1361 et
1268 1306 1502 1360 castaneae
1524 1305 1751 1370 hirsutae3

695 1385 855 1438 Strata
877 1384 1045 1455 jacent
1068 1382 1247 1456 paffim
1269 1382 1352 1435 sua
1376 1399 1588 1453 quaeque
1612 1381 1703 1434 sub
1725 1380 1896 1438 arbore
1918 1399 2105 1458 poma:

695 1457 886 1511 Omnia
910 1475 1045 1509 nunc
1070 1459 1230 1510 rident
1251 1475 1264 1510 z
1308 1468 1359 1509 at
1383 1455 1420 1524 fi
1444 1454 1692 1510 formosus
1717 1455 1891 1509 Alexis

695 1531 963 1586 Montibus
988 1529 1066 1584 his
1091 1531 1251 1594 abeat,
1290 1529 1455 1582 videas
1480 1542 1530 1582 et
1554 1529 1768 1583 flumina
1792 1530 1933 1584 ficca.

473 1662 636 1719 Simili
659 1681 799 1725 vena,
828 1661 1084 1733 Meleager
1108 1661 1159 1713 in
1182 1660 1394 1732 eleganti
1428 1659 1789 1735 epigrammate
1826 1661 2030 1718 inedito.
2093 1662 2376 1742 Antholog.
2397 1666 2559 1729 Mss.

475 1742 540 1795 C.
561 1737 819 1811 Cephalae,
855 1736 970 1790 Lib.
991 1738 1032 1789 Ι.
1078 1738 1192 1790 Car.
1214 1736 1327 1805 146.

701 1883 754 1922 Εν
778 1891 834 1920 οτι
859 1866 1005 1939 τάμοι,
1043 1872 1231 1925 Μυῖα-κε,
1267 1866 1350 1928 βικ
1374 1863 1791 1936 πυμνησιάνηῆἶοᾳ,
1888 1868 1891 1871 ’

777 1958 829 1995 Εν
851 1965 906 1994 στι
931 1964 1007 2005 καφ
1027 1934 1188 2014 ψυχης
1214 1942 1392 2011 πώμσι
1417 1964 1463 1992 το
1489 1940 1669 2010 λειφθεν
1693 1960 1768 1994 επ.

701 2030 791 2080 Noq
813 2039 895 2089 pap
917 2009 967 2077 δη
993 2038 1048 2067 τω
1080 2037 1162 2074 σω,
1201 2029 1320 2088 Rupe,
1355 2036 1412 2065 τοι
1436 2036 1517 2078 καφ
1542 2022 1725 2082 κωφοιω
1747 2026 1981 2070 zacheum

775 2106 1002 2161 Ομμαιτοι,
1038 2111 1104 2153 uoq
1122 2110 1198 2160 μοι
1220 2111 1263 2140 π
1289 2111 1350 2141 συν
1374 2083 1499 2157 epau}
1533 2110 1551 2141 ν
1578 2109 1833 2142 επισκυνιον·

698 2178 757 2216 Ην
778 2186 853 2235 μοι
879 2158 1080 2232 δυσ-νεφες
1104 2184 1237 2234 upapam
1260 2162 1414 2224 βωλης
1437 2185 1495 2215 πο
1510 2183 1543 2221 ε,
1580 2184 1726 2234 χῆμαι
1751 2157 1944 2242 ἓεὸοςκοι,

777 2252 835 2291 Ην
858 2231 908 2290 δ’
922 2242 1066 2311 {Ampor
1089 2232 1307 2311 βλεψῃς,
1345 2222 1418 2298 >32³0
1441 2235 1627 2298 τεθηλεν
1651 2258 1739 2315 ως.

701 2368 761 2421 In
785 2378 830 2421 te
854 2386 973 2431 mea,
1015 2367 1216 2438 Muiste‚
1252 2365 1376 2419 vita:
1399 2365 1666 2421 retinacula
1670 2365 1894 2439 fitsperfiz
1864 2365 2043 2494 dhficnt,

771 2444 832 2495 In
855 2453 902 2494 te
924 2442 1069 2495 etiam
1093 2441 1268 2494 animae
1281 2440 1496 2514 spiritus
1517 2440 1806 2512 relinquitur
1830 2460 1862 2493 a
1923 2461 1983 2496 uc

700 2519 816 2578 Ima,
837 2515 958 2585 juro
980 2527 1074 2588 per
1098 2526 1212 2577 tuos,
1254 2516 1404 2578 Puer,
1441 2514 1586 2568 etiam
1612 2513 1782 2568 Surdis
1803 2514 2029 2588 loquentes

779 2589 960 2653 Oculos,
998 2591 1090 2642 imo
1112 2589 1257 2642 etiam
1283 2601 1374 2663 per
1397 2599 1529 2642 tuum
1554 2588 1832 2642 luculentum
1848 2587 2161 2662 fhpercilium
2175 2616 2194 2655 3

708 2663 766 2717 Si
790 2664 843 2716 in
867 2682 938 2716 me
962 2663 1140 2732 tristem
1163 2661 1338 2716 oculum
1361 2661 1603 2734 conjecer'is
1625 2661 1895 2736 aliquanda,
1932 2663 2128 2735 hyemem
2152 2665 2279 2732 vidi,

784 2739 864 2792 At
875 2736 932 2807 st
953 2736 1087 2791 laetus
1109 2735 1389 2808 aclspexeris,
1414 2735 1574 2808 fitave
1600 2735 1800 2810 effloruit
1823 2755 1930 2792 ver.

485 2866 748 2920 Nonnulla
772 2867 919 2940 hujus
943 2867 1174 2920 carminis
1211 2866 1419 2942 protulit
1444 2866 1779 2939 Spanhemius
1803 2868 1864 2920 ad
1891 2868 2185 2923 Callimach.
2222 2871 2422 2945 Hymn.
2451 2875 2569 2936 Cer.

485 2959 534 2994 v·
558 2958 738 3083 {sl-49.
759 3044 834 3054 —
855 3029 896 3066 Ω
929 3013 1065 3077 βαθυς
1092 3012 1236 3087 ὅλῃ]
1269 2990 1571 3085 Legendum*
1592 3013 1664 3066 est
1688 3014 1738 3068 ὦ.
1800 3015 1920 3068 Vid.
1947 3017 2076 3071 Not.
2111 3020 2174 3073 ad
2199 3019 2423 3091 Idy11.V,
2448 3038 2567 3100 1033

486 3086 561 3139 Ita
598 3105 727 3139 unus
771 3106 798 3138 e
831 3088 1191 3139 LaurentianiS.
1268 3087 1442 3154 Sensus
1472 3088 1561 3150 est,
1609 3098 1644 3120 “
1662 3088 1804 3147 Huc,
1841 3092 1893 3147 O
1933 3090 2111 3156 Hirce,
2165 3094 2292 3147 Huc
2330 3097 2476 3166 agite,
2517 3097 2572 3149 Ο
2674 3130 2679 3137 ›

486 3161 653 3223 Haedi,
693 3159 793 3222 ubi,
832 3162 963 3214 &C.''
1028 3162 1230 3213 Veteres
1254 3162 1491 3214 editiones
1524 3168 1721 3233 pon'unt
1746 3180 1952 3217 comma
1989 3166 2099 3236 post
2123 3190 2262 3236 ωμοᾳ.
2331 3168 2407 3222 Ut
2431 3187 2576 3229 mens

486 3235 562 3295 fit,
601 3233 636 3284 si
673 3233 805 3305 legas
842 3236 876 3286 ὡ
913 3245 1026 3286 ante
1056 3257 1184 3305 σιμρᾳ.
1249 3235 1409 3286 “Ubi
1444 3236 1581 3307 sylva
1608 3235 1770 3298 d'ensa,
1809 3236 1891 3289 ubi
1917 3238 2041 3290 Simi
2076 3241 2197 3294 illi.''
2258 3242 2354 3294 Vel
2387 3243 2576 3315 servato
2670 3283 2674 3287 -

487 3306 578 3358 isto
619 3319 890 3369 commate,
930 3309 1087 3379 potest
1127 3310 1266 3369 verti,
1306 3311 1410 3361 “O
1441 3310 1582 3371 Simi,
1622 3310 1674 3360 O
1700 3309 1877 3363 haedi.”
1934 3312 2184 3367 Distineta
2226 3316 2573 3387 appellatione.

489 3380 584 3432 Per
621 3402 774 3463 capras.
806 3382 912 3433 vult
950 3400 1075 3433 unus
1110 3399 1174 3432 ex
1212 3383 1556 3453 interpretibus
1582 3382 1792 3445 GraeciS,
1832 3406 1912 3442 τοις
1945 3399 2179 3456 famosas.
2221 3389 2291 3440 ⁴F
2294 3402 2397 3442 orte
2438 3394 2578 3461 quod

489 3466 699 3523 μελιω-οιι
727 3455 951 3508 dicantur
975 3477 1107 3528 σιμςᾳ,
1144 3455 1290 3528 Idyll.
1309 3457 1431 3510 VII.
1455 3456 1543 3511 80.
1569 3456 1596 3510 8
1612 3474 1657 3511 1.
1725 3458 1825 3511 Ad·
1839 3476 1996 3531 quem
2035 3461 2207 3515 locum
2232 3462 2347 3518 vide
2378 3463 2579 3517 scholia.

2451 3538 2580 3614 Vult
