2852 4004
669 344 693 373 γ,
843 271 1867 344 PRAEFAT-Io.
2068 227 2199 321 γ’
2333 289 2403 353 iii

333 412 464 478 quo
504 394 710 458 minus
746 391 1100 457 'amicorum
1132 391 1644 473 doctissimorum,
1695 394 1813 461 five
1863 398 1952 464 illi
1987 400 2182 491 Angli
2213 404 2402 472 essent

328 479 451 548 srve
481 484 806 573 peregrini,
827 484 1143 574 'Ludovici
1174 484 1425 550 Kusteri
1449 493 1491 563 ¹,
1525 489 1778 575 Joannis
1812 491 2036 557 Clerici
2054 503 2096 572 ²,
2145 496 2396 577 Potteri,

327 650 357 671 “
379 651 477 687 &c.'’
525 648 805 689 Sanetamandus
836 649 1011 689 Salvinio.
1063 649 1177 688 Rom.
1211 663 1327 704 ¹709·
1348 680 1354 686 ,

325 704 355 722 “
377 701 560 750 Ablegato
591 715 734 751 magna
760 702 957 743 Britanniae
983 703 1118 750 reginae
1144 703 1328 743 literarum

325 757 355 776 “
375 765 517 796 tuarum
537 766 662 809 caput,
681 757 719 797 iu
733 769 809 810 quo
821 757 868 796 de
886 757 951 796 ino
969 757 1141 808 loqueris,
1163 757 1326 797 ostendi:

324 811 355 830 “
374 809 511 862 tibique
530 812 578 850 de
597 820 657 852 tua
679 810 716 848 in
737 823 822 848 eum
839 811 1060 849 humanitate
1081 811 1210 859 gratias
1229 812 1324 860 agit,

323 865 352 884 “
371 876 413 904 κ·
431 863 481 903 ἀι
500 874 564 906 tuo
587 864 714 903 vivido
733 877 777 902 ac
800 865 937 915 pernici
959 865 1116 915 judicio,
1147 866 1188 905 'nc
1215 866 1253 904 in
1271 866 1324 904 li-

322 919 353 937 “
376 917 459 957 teris
492 919 678 965 sagacitate
707 926 744 956 et
778 917 988 969 praestantia,
1025 919 1116 970 saepe
1148 919 1326 959 collocuti

321 974 354 993 ‘⁶
372 967 541 1010 semum*
556 970 737 1011 salvinius
747 971 1025 1018 sanciamndo,
1038 973 1200 1011 Floreat.
1209 985 1222 1012 ι
1232 984 1324 1023 709.

321 1023 525 1078 Nonnullae
544 1025 622 1064 sunt
640 1026 752 1064 literae
771 1025 869 1077 apud
888 1039 959 1067 nos
975 1027 1021 1064 ab
1041 1026 1114 1077 ipso
1134 1027 1324 1065 Newtono

318 1077 366 1116 ad
383 1079 687 1118 Sanctamandum
707 1079 814 1118 datae.
855 1079 986 1119 Eidem
1003 1080 1197 1118 Newtono
1217 1081 1322 1119 Lon-

316 1132 444 1179 ginum
473 1133 575 1172 fuum
604 1133 751 1173 dedicat
769 1133 982 1184 Hudsonus.
1033 1133 1131 1178 Vide
1160 1134 1241 1172 libr.
1261 1135 1322 1173 cui

315 1186 375 1224 tit.
410 1189 441 1207 “
451 1187 605 1225 Henrici
623 1187 789 1226 Newton
801 1183 989 1227 Societatis
998 1187 1126 1234 Regiae
1143 1187 1320 1234 Londini,

318 1240 491 1278 Amedine
506 1241 699 1287 Romana,
712 1241 924 1280 Academiae
939 1243 966 1280 F
970 1241 1172 1286 lorentinae.
1192 1253 1228 1280 et
1243 1244 1320 1292 ejus

316 1307 399 1344 quae
419 1303 569 1335 vocatur
596 1295 686 1335 della
707 1295 851 1344 erasm,
880 1296 981 1341 socii,
1012 1295 1193 1347 Epistolae,
1223 1297 1317 1342 Qra·

292 1362 293 1365 ¹
315 1347 450 1395 tiones,
478 1357 516 1386 et
532 1346 761 1387 Camiua.‘'¹
798 1350 925 1387 anae.
952 1360 1065 1398 271-0.
1096 1359 1175 1399 410·

348 1413 388 1453 .¹
425 1405 455 1425 ‘⁶
475 1401 538 1443 Est
567 1402 670 1441 leem
697 1402 993 1454 corruptissimus,
1023 1415 1133 1454 quem
1163 1403 1318 1443 doe‘tiffi-

318 1457 449 1494 “mus
473 1456 612 1494 amicus
638 1469 740 1494 meus
761 1454 1043 1494 Sanftamantius
1063 1457 1245 1502 ingeniose
1271 1457 1317 1495 fic

315 1510 562 1549 “restituit.”
610 1509 800 1556 Kusterus;
841 1510 939 1561 apud
974 1510 1139 1562 Hesych.
1171 1511 1315 1550 Albert.

290 1559 434 1602 'Tom.
459 1565 493 1603 I.
527 1563 626 1602 Voc.
657 1572 819 1610 Αιγααος.

370 1630 392 1656 2
422 1617 621 1670 Apponam
641 1618 701 1656 hic
725 1617 900 1668 prolixius
923 1630 1090 1665 magnam
1115 1626 1256 1670 partem
1276 1632 1317 1656 e-

309 1670 448 1723 pistolae
469 1673 504 1715 ei
524 1671 644 1710 datam
675 1684 695 1709 a
716 1672 754 1723 J.
777 1671 950 1716 Cleric03
978 1671 1077 1710 unde
1098 1685 1172 1709 non
1202 1673 1316 1710 modo

308 1725 503 1785 quod‘hic
528 1725 677 1764 affertur
705 1727 741 1763 in
771 1735 886 1771 textu,
915 1725 974 1763 scd
1006 1735 1042 1763 et
1062 1726 1317 1764 Sanctamandi

307 1779 452 1818 consilia
470 1779 529 1817 vel
546 1780 623 1829 jam
639 1779 748 1826 dieta,
769 1778 828 1816 vel
844 1778 1013 1826 dicenda,
1033 1779 1080 1816 de
1094 1779 1314 1827 Theocrito,

307 1832 483 1887 ipsiusque
502 1833 610 1872 etiam
632 1833 768 1871 Clerici
787 1833 1014 1884 aliorumque
1033 1843 1118 1870 tunc
1140 1834 1315 1883 temporis

307 1886 346 1924 in
363 1886 480 1926 literis
498 1887 686 1934 meditata,
705 1887 802 1924 clare
820 1886 1048 1924 illustrantur.
1085 1889 1114 1906 “
1127 1886 1314 1924 Ornatiffi-

307 1943 341 1989 ‘Y
361 1954 424 1980 mo
461 1952 497 1980 et
516 1941 717 1980 doftiffimo
747 1939 964 1992 adolescenti
987 1952 1151 1984 JAcono
1186 1952 1314 1978 sauc-

310 1997 585 2034 “raunmo
620 1991 656 2032 S'.
673 1995 714 2033 P.
732 1994 784 2034 D.
818 2006 1007 2038 Joauuzs
1033 2006 1315 2032 emarcus.—

233 2037 254 2081 ’γ
305 2051 336 2071 “
357 2049 395 2087 Α
424 2049 587 2100 pluribus
613 2044 822 2086 audiveram
843 2047 943 2097 quod
972 2048 1018 2087 de
1053 2040 1307 2087 ‘ranocatro

305 2105 335 2125 ‘¹
360 2103 514 2142 moliris.
559 2103 683 2141 Macte
699 2115 785 2141 vero
805 2102 927 2139 animo
947 2102 1033 2149 est0,
1053 2115 1131 2140 rem
1159 2115 1204 2139 ue
1222 2115 1312 2149 gna-

306 2158 338 2177 “
359 2156 453 2195 viter
478 2169 586 2209 prout
614 2157 751 2208 coepisti
771 2169 872 2202 urge.
889 2176 945 2184 —-
960 2156 1022 2195 Ab
1042 2116 1212 2194 omniims
1232 2169 1314 2194 eru-

250 2203 254 2207 *
303 2211 335 2232 ‘⁸
357 2210 444 2249 ditis
471 2211 632 2263 plausum
660 2211 766 2257 feres,
801 2209 827 2247 fi
847 2210 904 2248 vel
935 2222 1229 2248 'rm-:ocurrunt
1255 2210 1313 2261 ip-

306 2266 337 2287 ⁸‘
361 2265 437 2303 sum
456 2265 777 2310 emendatiorem,
815 2263 888 2302 fine
918 2263 994 2301 ullo
1032 2263 1311 2310 commentario,

303 2321 334 2339 “
350 2318 543 2363 edideris'3
571 2318 777 2358 dummodo
796 2317 994 2357 scholiastes
1019 2318 1184 2371 antiquus
1205 2331 1309 2356 acce-

303 2376 334 2395 “
354 2371 436 2419 dat¹
464 2372 591 2424 isque‚.
611 2381 650 2410 ut
679 2372 878 2424 polliceriS‚
907 2372 1059 2410 aufflor.
1106 2372 1143 2409 Si
1172 2371 1213 2409 fit
1246 2385 1309 2410 ex-

301 2428 335 2447 “
353 2422 491 2478 emplar
528 2427 811 2478 manuscriptum
841 2425 1021 2470 Genevae,
1058 2425 1216 2477 spondeo
1249 2439 1310 2463 me

301 2477 332 2502 ‘⁴‘
351 2494 416 2531 per
442 2481 583 2520 amicos
610 2481 822 2520 effetSIurum
842 2490 887 2525 ut
911 2491 1032 2517 tecum
1058 2480 1310 2520 communice-

301 2537 332 2555 “
353 2543 438 2579 ταῖς
477 2534 536 2572 sed
556 2536 682 2572 v‘ereer
711 2545 750 2572 ut
770 2533 910 2572 nullum
929 2533 985 2579 fit,‘
1016 2546 1133 2583 neque
1151 2546 1316 2584 unquam·

300 2590 330 2609 “
350 2589 546 2641 quicquam
565 2602 606 2627 ea
628 2588 674 2625 'de
695 2588 896 2626 re'audivi:
925 2587 1070 2626 et‘olim'
1092 2587 1127 2624 in
1145 2588 1309 2638 privato-

299 2644 333 2664 “
350 2655 434 2680 rum
466 2643 633 2680 manibus
654 2642 754 2680 fuere
781 2642 854 2680 illic
881 2641 1125 2692 manuscripti,
1155 2641 1217 2691 qui
1244 2654 1310 2679 ne-

299 2698 328 2716 “
349 2695 421 2734 scio
443 2700 517 2748 qu'o
535 2696 738 2745 avolarunt.
781 2695 916 2734 Habeo
936 2695 1135 2733 editionem
1155 2694 1308 2745 priscam

300 2751 330 2770 ‘⁴
351 2749 490 2797 orosii,
518 2750 688 2788 collatam
721 2750 811 2788 olim
837 2762 857 2788 a
887 2758 1015 2798 patruo
1045 2761 1130 2786 meo
1155 2747 1308 2787 Daniele

297 2804 330 2824 “
351 2804 510 2843 Clerico
535 2817 622 2843 cum
660 2803 901 2853 manuscripto
937 2801 1160 2846 Genevenfi,
1197 2816 1305 2853 quam

299 2861 331 2880 ‘⁴
351 2857 526 2908 putabam
560 2857 628 2896 effe
653 2858 690 2894 in
719 2855 940 2895 bibliotheca
967 2856 1135 2906 publica3
1164 2855 1224 2893 sed
1244 2856 1306 2908 qui

297 2913 334 2945 “-
353 2924 472 2964 neque
491 2911 581 2956 illic,
611 2924 729 2963 neque
756 2910 906 2961 usquam
935 2910 1035 2956 alibi,
1063 2910 1218 2948 inveniri
1237 2923 1307 2960 po-

299 2968 329 2987 “
355 2965 438 3006 tuit.
487 2966 553 3003 Tu
571 2971 659 3004 v'ero
689 2964 777 3002 dum
799 2963 970 3002 valetudo
1003 2974 1039 3001 et
1070 2974 1153 3001 aetas
1173 2963 1306 3010 finunt,

300 3023 331 3042 “
351 3029 482 3060 excute
514 3019 652 3058 forulos
682 3030 809 3057 omnes
840 3017 1141 3056 bibliothecarum
1175 3017 1321 3064 Italiae„

300 3075 331 3095 ‘⁸
353 3074 528 3126 quatenus
559 3072 708 3124 quidem
749 3070 847 3109 oculi
879 3071 1080 3120 patientur3
1122 3083 1197 3108 non
1227 3070 1307 3108 sunt

252 3121 326 3163 '.“
349 3127 449 3166 enim
478 3127 591 3166 nimia
623 3125 842 3173 fugientium
875 3120 1074 3163 litterarum
1110 3123 1305 3176 investiga·

296 3185 324 3203 ‘⁸
346 3181 446 3221 tione
467 3180 518 3220 ita
534 3179 726 3227 fatigandi,
756 3189 796 3216 ut
818 3179 855 3216 in
876 3179 1058 3229 posterum
1079 3177 1124 3214 iis
1142 3177 1214 3215 sin'e
1234 3178 1304 3215 do-

282 3236 325 3263 -“
347 3233 426 3273 l'ore
463 3234 514 3272 uti
545 3233 597 3272 in·
620 3234 743 3272 studiis
774 3245 945 3284 nequeas.
996 3231 1140 3269 Verum
1179 3230 1303 3268 sensim

295 3290 324 3310 ‘⁸
347 3288 461 3328 multa
482 3287 615 3335 absolvi
630 3286 786 3338 pofl'unt,
804 3298 840 3323 et
855 3285 1049 3336 praesertim
1068 3284 1304 3322 interdiu.—

270 3383 272 3385 ,
294 3344 325 3364 “
347 3341 435 3381 Mea
455 3341 684 3387 Antholo'gia
711 3340 878 3379 nondum
907 3339 1074 3376 inchoata
1106 3338 1178 3382 est3
1217 3350 1303 3376 cum

295 3394 325 3416 ‘¹
342 3405 494 3449 propter
522 3395 613 3433 alios
638 3394 778 3435 labores
813 3392 944 3447 quibus
979 3390 1184 3438 distinebar,
1223 3401 1303 3430 tum

1405 652 1434 671 “
1453 649 1563 689 etiam
1584 659 1731 702 propter
1750 651 1958 706 bibliopolae
1977 658 2245 709 occupationes.
2287 660 2399 702 Edidi

1403 707 1434 727 “
1452 705 1620 754 proxima
1633 706 1746 743 aestate
1760 708 1932 749 volumen
1945 710 2097 749 alterum
2109 715 2397 755 commentario-

1403 759 1431 778 “
1450 770 1533 796 rum
1564 771 1731 797 meorum
1762 761 1798 798 in
1836 763 1953 801 Vetus
1985 763 2287 811 Testamentum}
2322 782 2397 820 quo

1401 814 1430 831 ‘⁶
1450 811 1636 850 volumine
1672 811 1777 903 libr}
1794 827 1920 854 omnes
1952 816 2125 855 Historici
2166 820 2396 862 illustrantur.

1402 867 1430 885 “
1450 864 1582 903 Praefui
1597 866 1707 904 etiam
1725 880 1744 904 e
1773 866 1875 906 irioni
1893 882 1998 907 novae
2018 871 2071 910 T.
2088 872 2188 911 Livii
2201 887 2286 913 cum
2301 877 2395 926 Sup-

1401 921 1431 941 “
1451 917 1642 969 plementis
1666 920 1693 956 F
1697 920 1912 965 reinshemii,
1938 935 2073 961 novem
2093 919 2338 966 voluminibus
2358 931 2396 967 in

1401 976 1429 995 ⁸‘
1450 973 1596 1011 oElavo.
1641 972 1773 1023 Adjeci
1797 975 1939 1013 notulas
1956 977 2138 1028 quasdam,
2168 990 2204 1016 et
2228 981 2294 1019 alia
2312 996 2395 1033 quae

1401 1028 1429 1045 “
1450 1026 1628 1064 faciebant
1655 1028 1697 1064 ad
1732 1038 1898 1067 ornatum
1929 1040 1990 1067 aut
2019 1030 2118 1069 usum
2151 1034 2395 1081 elegantissimi

1393 1082 1428 1101 *“
1449 1079 1699 1118 historicorum
1723 1080 1990 1121 Romanorum.
2036 1085 2144 1123 Brevi
2171 1099 2336 1138 erumpet
2355 1089 2395 1127 itt

1398 1135 1427 1153 “
1448 1133 1593 1179 lucem;
1621 1135 1742 1172 omnia
1763 1135 1860 1173 enim
1888 1136 1965 1174 sunt
1982 1137 2148 1188 impressa
2176 1153 2304 1191 praeter
2326 1143 2392 1181 In·

1397 1189 1426 1206 ‘⁸
1447 1186 1579 1225 dicem.
1636 1188 1769 1226 Habeo
1805 1202 1901 1226 nunc
1933 1190 1995 1228 sub
2031 1193 2142 1242 praelo
2176 1194 2393 1241 Fragmenta

1395 1242 1423 1262 “
1443 1240 1640 1280 Menandri
1673 1251 1710 1280 et
1745 1243 1983 1289 Philemonis,
2023 1257 2203 1298 quotquot
2238 1249 2393 1288 inveniri

1396 1299 1425 1316 “
1446 1306 1626 1344 poterant,
1653 1295 1781 1334 Latine
1802 1297 1912 1342 versa,
1937 1307 1972 1336 et
1994 1299 2160 1338 brevibue
2178 1303 2274 1339 notis
2291 1316 2310 1340 a
2331 1317 2392 1342 me

1395 1349 1424 1368 ‘⁶
1445 1348 1625 1387 illustrata.
1675 1349 1842 1388 Dimidia
1867 1364 1948 1400 pars
1964 1352 2038 1401 jam
2060 1353 2108 1392 est
2127 1355 2222 1405 typis
2239 1358 2389 1396 excusat.

1394 1402 1423 1422 ‘⁸
1447 1402 1491 1440 In
1512 1402 1611 1440 usum
1628 1403 1829 1452 juventutis
1846 1404 1917 1441 hoc
1937 1406 2029 1450 feci;
2058 1408 2160 1458 quod
2180 1409 2286 1446 etiam
2308 1402 2388 1448 eru-

1393 1458 1422 1475 “
1443 1454 1528 1493 ditis
1545 1469 1620 1494 non
1637 1456 1898 1508 displiciturum
1930 1459 2045 1508 spero,
2093 1461 2191 1498 Mox
2219 1464 2389 1502 accedam

1394 1512 1422 1530 “
1441 1509 1486 1546 ad
1506 1511 1548 1549 P.
1571 1510 1758 1557 Orosium,
1787 1513 1888 1560 cujus
1907 1512 2107 1555 editionem
2126 1515 2326 1562 elegantem
2353 1510 2406 1556 et⁴

1392 1565 1422 1584 “
1442 1574 1643 1602 accuratam
1671 1564 1766 1601 dabo
1787 1578 1831 1603 ex
1850 1567 2088 1618 antiquiffimo
2114 1569 2241 1607 codice
2263 1571 2389 1608 Medi-

1392 1620 1422 1638 “
1442 1629 1534 1661 ceo;
1570 1619 1672 1668 cujus
1703 1618 1934 1657 collationem
1963 1622 2084 1658 nactus
2114 1622 2189 1660 sum
2212 1637 2282 1674 ope
2307 1639 2387 1663 am-

1392 1672 1421 1694 “
1439 1670 1579 1720 pliffimi
1599 1673 1681 1718 viri,
1711 1673 1774 1723 qui
1792 1668 1971 1711 'auctura
1994 1675 2055 1712 M.
2075 1674 2266 1714 Britanniae
2286 1677 2387 1725 lega-

1392 1727 1421 1747 ‘⁸
1441 1733 1497 1761 tus
1522 1725 1571 1762 est
1598 1725 1644 1762 ad
1666 1725 1725 1764 M.
1748 1727 1900 1764 Etruxiae
1921 1727 2081 1766 Ducem.
2129 1730 2260 1768 Habeo
2293 1733 2388 1769 anti-

1391 1779 1532 1828 “quas
1557 1778 1695 1829 aliquot
1722 1780 1913 1822 editiones,
1943 1782 2014 1818 hoc
2043 1784 2106 1826 est,
2141 1794 2222 1821 ante
2251 1797 2388 1825 annum

1391 1834 1420 1854 “
1444 1844 1561 1883 1500.
1592 1833 1728 1870 emissas
1758 1833 1795 1870 in
1816 1833 1933 1878 Italia,
1962 1846 1998 1871 et
2026 1836 2236 1874 collationes
2258 1852 2386 1877 manu·

1391 1888 1420 1907 ‘⁶
1442 1885 1670 1934 scriptorum.
1721 1886 1793 1925 Sed
1813 1886 1929 1938 siquid
1952 1889 2083 1926 eruditi
2104 1891 2172 1927 viri
2199 1891 2386 1939 haberent,

1390 1941 1418 1960 “
1441 1940 1540 1989 quod
1572 1953 1720 1977 mecum
1747 1943 2018 1980 communicare
2047 1944 2194 1991 vellent,
2234 1959 2312 1984 eam
2347 1948 2387 1984 in

1390 1994 1420 2016 ‘⁸
1440 2005 1533 2039 rem,
1561 1993 1714 2031 libenter
1737 1995 1885 2033 monitis
1911 1995 2069 2046 ipsorum
2095 1999 2319 2049 obsequerer,
2350 2010 2389 2038 et

1390 2049 1418 2068 “
1439 2048 1568 2092 gratias
1596 2047 1703 2085 etiam
1726 2048 1765 2086 in
1789 2049 2002 2087 Praefatione
2031 2064 2190 2097 agerem.
2238 2053 2386 2093 Vellem

1387 2103 1418 2121 ‘⁸
1436 2099 1630 2151 praesertim
1648 2101 1753 2148 scire,'
1764 2115 1809 2140 an
1822 2102 1889 2140 fint
1901 2104 1978 2153 ejus
1993 2105 2288 2155 antiqui‘codices
2302 2108 2385 2145 Ro-

1390 2156 1419 2176 “
1439 2167 1508 2191 mae
1522 2168 1612 2194 anve
1623 2155 1664 2193 fit
1677 2155 1865 2206 quispiam,
1879 2157 1915 2194 in
1930 2159 2034 2207 cujus
2049 2158 2167 2197 fronte
2180 2162 2385 2210 Hormassae,

1392 2209 1420 2228 “
1439 2219 1500 2245 aut
1518 2209 1738 2257 Orchestra,
1768 2223 1903 2247 nomen
1923 2211 2085 2257 legatum
2122 2226 2219 2259 nam,
2250 2227 2384 2261 magno

1390 2263 1419 2282 ‘⁸
1439 2261 1638 2300 infortunio
1657 2263 1792 2308 nostro,
1819 2264 2012 2303 Mediceus
2029 2267 2147 2305 codex
2167 2267 2327 2317 optimus
2347 2277 2385 2306 et

1388 2318 1414 2336 ‘⁸
1434 2316 1692 2367 antiquiffimus
1720 2330 1740 2353 a
1758 2317 1877 2355 fronte
1909 2319 2058 2357 mutilus
2082 2321 2145 2359 est.
2193 2321 2382 2363 Editiones

1387 2371 1416 2389 ‘⁴
1435 2370 1604 2420 antiquae,
1634 2381 1669 2408 et
1687 2370 1857 2409 codicum
1885 2373 2093 2412 collationes
2113 2387 2203 2426 quos
2228 2374 2273 2412 ad
2302 2388 2382 2413 ma-

1387 2425 1415 2442 “
1436 2436 1524 2460 num
1543 2424 1675 2469 habeo,
1704 2424 1818 2462 fimile
1837 2425 1927 2463 nihil
1959 2425 2171 2476 praeferunt.
2210 2429 2279 2465 Sed
2301 2440 2382 2467 ante

1387 2479 1415 2497 “
1436 2477 1574 2527 aliquot
1592 2477 1731 2522 saecula,
1759 2478 1838 2516 haec
1859 2479 2001 2517 historia
2019 2481 2080 2518 sub
2105 2482 2293 2530 Hormestae
2310 2496 2379 2520 no-

1386 2534 1414 2553 “
1435 2531 1535 2569 mine
1552 2532 1726 2569 notiffima
1747 2543 1843 2576 erat;
1876 2544 1916 2570 ut
1934 2534 2079 2572 docebit
2101 2535 2155 2572 G.
2186 2537 2214 2583 1.
2238 2537 2385 2574 Voffius

1387 2589 1415 2606 “
1435 2584 1481 2622 de
1501 2585 1672 2622 historicis
1695 2586 1847 2623 Latinis.
1890 2587 2018 2637 Siquid
2037 2589 2254 2627 doetiffimus
2280 2591 2380 2627 Fon-

1385 2642 1413 2661 ‘·‘
1435 2638 1575 2676 taninus
1595 2639 1640 2676 de
1659 2639 1726 2676 hac
1742 2652 1780 2676 re
1798 2640 1924 2683 nosset,
1947 2652 2010 2679 aut
2027 2642 2114 2679 alius
2133 2643 2266 2692 quivis,
2294 2656 2379 2690 gra-

1384 2694 1412 2715 “
1433 2692 1601 2730 tiffimum
1623 2693 1706 2730 esset
1729 2706 1855 2731 eorum
1884 2694 2089 2732 sententiam
2118 2697 2254 2734 audire.
2297 2696 2380 2734 Ad-

1385 2750 1414 2768 “
1432 2746 1516 2783 dam
1534 2756 1636 2784 notas
1659 2747 1720 2785 Fr.
1746 2748 1916 2794 Fabricii,
1945 2759 1981 2786 et
2010 2762 2123 2792 meas,
2151 2749 2211 2787 sed
2237 2751 2378 2797 breves,

1384 2802 1410 2821 ‘⁸
1432 2809 1472 2837 ut
1491 2801 1581 2837 ratio
1601 2799 1771 2838 reddatur
1789 2803 2047 2850 mutationum,
2068 2815 2141 2840 non
2163 2813 2201 2840 ut
2221 2817 2276 2840 res
2296 2803 2379 2854 ipsae

1383 2856 1412 2874 “
1434 2854 1706 2903 expendantur3
1736 2855 1836 2905 quod
1865 2868 1932 2893 nec
1950 2856 2098 2907 scriptor
2128 2849 2188 2893 ille
2214 2857 2378 2907 postulat,

1383 2909 1411 2928 ⁸‘
1429 2920 1496 2944 nec
1517 2909 1633 2945 otium
1652 2921 1776 2945 meum
1795 2907 1942 2958 patitur.
1972 2910 2183 2947 Ludovicus
2204 2910 2378 2948 Kusterus

1382 2963 1410 2981 “
1430 2961 1547 2998 noster
1579 2962 1693 2999 ferme
1722 2962 1766 2999 ad
1801 2962 2013 3000 umbilicum
2042 2964 2212 3013 perduxit
2244 2964 2377 3001 editio-

1382 3017 1410 3034 “
1431 3028 1516 3052 nem
1538 3015 1813 3065 Aristophanis;
1849 3029 1965 3066 neque
1985 3018 2177 3068 quicquam
2199 3018 2376 3068 expediat,

1382 3073 1408 3090 “
1429 3079 1557 3118 praeter
1574 3069 1714 3105 notulas
1739 3069 1905 3119 quasdam
1929 3071 1997 3112 viri
2015 3071 2156 3108 illustris
2173 3071 2377 3109 Ezechielis

1381 3126 1409 3143 “
1429 3122 1655 3172 Spanhemii.
1702 3122 1762 3159 Est
1794 3124 1905 3159 ctinm
1939 3135 2133 3175 occupatus
2165 3125 2200 3160 in
2231 3124 2375 3163 edendo

1380 3178 1410 3197 “
1431 3176 1546 3213 Novo
1575 3175 1810 3214 Testamento
1837 3177 2019 3224 Millianog
2049 3189 2084 3215 et
2106 3179 2181 3226 jam
2210 3178 2373 3216 medium

1380 3232 1408 3249 “
1429 3229 1564 3266 clivum
1601 3230 1789 3279 superavit.
1836 3230 1962 3268 Addet
1991 3232 2207 3268 collationes
2231 3231 2374 3280 aliquot

1378 3285 1405 3303 “
1426 3282 1613 3327 codicum,
1633 3295 1725 3332 quos
1745 3296 1818 3320 non
1838 3284 1961 3321 habuit
1976 3285 2132 3323 Millius.
2168 3284 2228 3321 Est
2247 3294 2282 3321 et
2302 3298 2371 3334 op-

1377 3335 1577 3373 “tandum
1603 3336 1686 3372 talia
1715 3336 1791 3374 fieri
1818 3337 1963 3380 Romae,
1999 3339 2059 3376 ubi
2092 3338 2196 3375 multi
2226 3337 2371 3376 codices

1378 3394 1406 3412 “
1426 3389 1567 3427 illibati.
1614 3389 1768 3428 Utinam
1800 3391 1917 3429 codex
1942 3393 2001 3431 ille
2026 3391 2131 3430 Novi
2150 3391 2373 3466 Testanmenti

2272 3448 2283 3464 ‘
2305 3446 2370 3495 qui
