2852 4004
484 320 555 378 54
1079 297 1160 368 vN
1197 298 1248 351 O
1285 296 1337 350 T
1374 295 1460 351 AE.
1570 292 1669 347 IV.
1711 308 1795 363 23.
1838 303 1926 365 32.

482 423 612 472 μων..
657 391 810 466 Quod
848 395 1123 450 notandum
1164 395 1259 450 est.¹
1315 396 1531 450 Nullam
1572 413 1674 448 non
1718 391 2026 446 occasionem
2054 391 2217 460 captat
2244 387 2547 464 Theocritus

488 471 868 527 Atheniensium
897 488 1061 522 mores
1086 471 1358 523 vellicandi.
1409 469 1567 542 Qd
1595 468 1766 520 Siculis
1792 466 1987 519 solenne
2004 463 2152 516 fuisse
2176 474 2316 534 puto,
2357 463 2551 518 Tenuis

484 545 865 599 Atheniensium
906 544 1079 606 viCtuS,
1117 556 1165 596 et
1205 544 1366 596 cultus
1404 542 1640 604 sordidus,
1679 538 2011 592 mireSiculis
2053 537 2349 609 displicebat.
2413 537 2554 589 Hinc

484 619 781 672 macilentus
816 617 1023 687 quidam
1060 630 1110 668 et
1141 616 1449 669 discalceatus
1488 613 1812 686 philosophus
1847 611 2114 673 inducitur,
2153 611 2241 681 qui
2285 610 2333 661 se
2373 626 2554 681 nempe

485 690 806 759 Atheniensem
832 690 1139 762 praedicabat.
1196 689 1342 760 Idyll.
1362 689 1505 740 XIV.
1527 690 1590 757 6.
1635 690 1841 748 Contra,
1869 684 2166 756 vapulabant
2191 684 2251 734 ab
2277 681 2554 735 Athenien-

423 803 430 832 3
487 767 618 817 fibus
663 764 832 825 Siculi,
888 763 1024 833 quod
1068 762 1386 814 libidinosum
1430 778 1586 833 genus
1630 760 1917 820 hominum,
1975 757 2253 827 deliciisque
2301 755 2548 807 deditum.

489 838 761 892 Constabat
784 836 1049 906 multiplici
1073 836 1326 887 civitatum
1354 849 1487 887 coetu
1506 833 1700 886 Graecia
1726 845 1891 895 vetus;
1926 831 2052 883 inter
2071 848 2209 901 qua8‚
2238 841 2293 882 ut
2316 827 2392 891 fit,
2413 846 2556 900 mag-

486 930 562 964 nae
590 909 965 980 frequentesque
990 909 1256 960 simultates
1280 909 1586 960 exardescere
1611 906 1843 958 solebant.

562 985 628 1036 V.
653 1001 738 1053 23.
777 998 860 1045 Koq
884 1004 977 1052 μων
1002 1003 1042 1039 ες
1065 994 1328 1052 ςυμωλιμνον
1352 985 1574 1043 ελαιννεπᾳ.
1594 981 1693 1051 -]
1738 979 1919 1041 Aldus,
1961 976 2251 1048 CallierguS,
2294 976 2559 1046 caeterique

382 1098 386 1101 .
486 1057 783 1119 vetustioreS,
822 1068 870 1107 et
907 1055 1015 1127 post
1053 1055 1160 1106 illos
1197 1054 1487 1125 Soephanm,
1526 1054 1775 1105 ediderant
1807 1076 1853 1103 το
1879 1064 2126 1121 Μοιλιμνον.
2190 1051 2430 1120 Reposuit
2455 1051 2558 1102 Ca-

488 1132 748 1192 saubonuS,
802 1147 846 1180 e.
868 1129 934 1181 vi.
986 1142 1266 1198 ςτμοιλιμνον,
1314 1146 1375 1178 ex
1415 1126 1661 1180 Eustathii
1703 1126 2062 1177 commentario
2101 1123 2163 1175 ad
2199 1123 2370 1194 Odyff.
2407 1123 2468 1175 L.
2487 1123 2560 1175 X.

485 1221 600 1277 pag.
624 1204 772 1275 1649.
793 1219 877 1272 57.
919 1204 1165 1255 Probante
1189 1201 1336 1252 etiam
1357 1200 1530 1252 Voffio
1554 1201 1616 1251 ad
1641 1199 1826 1251 Catull.
1844 1215 1966 1270 247.
2010 1197 2173 1250 Miror
2198 1210 2364 1249 autem
2389 1198 2557 1249 virum

485 1280 771 1349 diligentem
804 1294 904 1326 non
930 1274 1093 1326 vidisse
1125 1292 1237 1326 eam
1272 1273 1363 1325 esse
1397 1273 1663 1325 lestionem
1690 1271 2075 1324 Scholiastarum
2099 1272 2396 1323 Graecorum
2415 1297 2433 1334 3
2469 1270 2561 1341 qui

485 1353 588 1404 fere
614 1346 805 1402 nullam
830 1361 1057 1420 praeterea
1080 1348 1307 1399 videntur
1333 1347 1400 1398 ob
1427 1346 1597 1398 oculos
1627 1343 1864 1397 habuiffe.
1923 1345 2156 1398 Eandem
2181 1362 2283 1396 non
2308 1344 2561 1417 improbat

486 1424 740 1485 HeinfiuS,
779 1441 823 1474 c,
845 1422 941 1473 viii.
1002 1421 1206 1473 Mavult
1239 1432 1409 1471 tamen
1434 1419 1616 1473 interea
1635 1432 1961 1490 Στομαιλιμνον,
2001 1419 2137 1488 quod
2169 1416 2317 1470 habet
2341 1437 2432 1490 pro
2463 1435 2558 1470 no-

489 1499 630 1551 mine
671 1496 904 1568 propri03
955 1507 1104 1566 atque
1142 1493 1207 1545 ita
1243 1493 1358 1544 dein
1397 1492 1556 1545 censet
1596 1492 1869 1565 interpretis
1907 1492 2220 1544 emendanda
2255 1491 2347 1543 effe
2389 1491 2558 1546 verba.

490 1585 520 1604 “
537 1568 656 1629 Koila
680 1593 726 1621 το
751 1591 788 1622 εν
814 1584 945 1642 Tpoaqs
971 1563 1016 1621 δέ
1039 1579 1468 1620 ΣΤΟΜΑΛΙΜΝΟΝ
1492 1565 1687 1626 πιθανως
1709 1588 1787 1630 και
1812 1585 1911 1625 τετυ,
1935 1566 2181 1636 ονομαςεᾳ.”
2223 1567 2375 1619 Putat
2406 1565 2564 1618 nimi·-

488 1663 604 1697 rum
629 1643 885 1715 quoddam
910 1642 1155 1714 oppidum
1182 1640 1315 1711 apud
1339 1641 1649 1692 Crotoniatas
1685 1640 1940 1710 designari,
1980 1659 2008 1692 a
2033 1640 2264 1712 Trojanis
2296 1637 2563 1712 cognomi-

488 1716 699 1778 natum3
747 1733 980 1787 quorum,
1014 1717 1159 1786 juxta
1184 1714 1498 1776 Strabonem,
1543 1713 1826 1785 frequentes
1851 1711 1944 1766 hos
1983 1715 2163 1766 tractus
2202 1723 2561 1786 occupaverant

490 1791 715 1853 coloniae,
753 1786 982 1860 locosque
1010 1793 1096 1840 suo
1128 1788 1331 1840 nomine
1356 1787 1596 1840 dixerant.
1653 1787 1932 1858 Stephanus
1961 1786 2110 1839 habet
2133 1787 2185 1840 in
2211 1787 2431 1859 margine
2455 1799 2559 1840 Λα,-

488 1888 654 1936 τυμνον.
717 1865 847 1932 Qae
885 1862 1034 1932 glossa
1061 1860 1326 1914 dimanaffe
1351 1861 1542 1916 videtur
1574 1879 1637 1914 ex
1661 1861 1877 1931 ejusdem
1902 1863 2035 1914 vocis
2058 1860 2164 1923 usu,
2204 1862 2383 1932 supra,
2404 1880 2454 1915 v,
2478 1878 2558 1931 19.

488 1939 726 2010 Optimus
753 1937 928 1989 Codex
952 1934 1312 1988 Laurentianus
1342 1934 1500 1987 adfert
1533 1947 1810 2005 ςυμοιλιμνον.
1829 1976 1843 1983 -
1877 1934 1936 1986 In
1963 1935 2212 1987 Vaticanis
2235 1934 2476 1987 habemus
2510 1955 2560 1984 τα

489 2026 725 2082 μειλιμνον,
764 2022 812 2063 et
844 2034 889 2062 το
923 2023 1169 2080 μαλυμνον.
1232 2008 1407 2060 Codex
1443 2011 1503 2062 C.
1534 2007 1780 2061 Ottoboni
1817 2031 1860 2060 π
1895 2022 2131 2080 μειλιμνον.
2194 2008 2432 2080 Intelligit
2464 2009 2582 2061 Ca·-

491 2087 754 2146 saubonu8‚
782 2084 952 2136 locum
980 2101 1134 2155 prope
1156 2099 1310 2145 mare,
1331 2082 1420 2153 qui
1442 2081 1604 2153 ipsum
1630 2099 1765 2134 mare
1782 2081 1870 2133 suo
1887 2081 2011 2134 ostio
2036 2082 2350 2152 ingrediatur.
2390 2083 2565 2154 Itaque

486 2159 688 2230 corrigit
713 2158 764 2209 in
801 2157 1012 2219 scholiis,
1050 2171 1130 2217 Την
1154 2177 1192 2209 εν
1216 2177 1336 2231 τροιςι
1362 2150 1405 2207 d}
1429 2169 1698 2228 ςυμωλιμνην
1722 2163 1870 2225 φασιν.
1933 2156 2222 2209 Comment-
2248 2156 2310 2208 ad
2335 2156 2564 2213 Strabon-

489 2251 602 2306 pag.
628 2233 710 2285 86.
747 2232 808 2282 ad
833 2249 947 2302 pag.
966 2231 1187 2282 clxxxiv.
1224 2230 1340 2281 edit.
1369 2228 1515 2281 Paris.

562 2307 627 2358 V.
652 2306 737 2357 26.
777 2301 1000 2368 Βοισ-ώῦἶοᾳ
1023 2299 1067 2356 δε
1091 2302 1204 2364 fiaes,
1229 2304 1356 2375 δια]
1386 2302 1558 2356 Aliam
1582 2303 1648 2355 ob
1674 2303 1870 2356 causam
1896 2303 1942 2356 se
1967 2303 2197 2377 gregibus
2220 2304 2314 2357 suis
2338 2301 2563 2357 subdux-

493 2378 877 2441 iffePastorem,
916 2377 1062 2430 finxit
1086 2377 1341 2447 Virgilius,
1380 2377 1490 2429 Ecl.
1511 2377 1601 2428 ΙΙΙ.
1622 2398 1670 2450 3.
1776 2414 1788 2423 .

710 2452 891 2504 Infelix
919 2454 986 2513 O,
1019 2451 1209 2522 semper
1235 2467 1351 2503 oves
1375 2467 1524 2522 pecus
1547 2450 1558 2502 !
1615 2451 1707 2503 Ille
1732 2450 1970 2504 Neaeram
2025 2490 2027 2493 -

716 2526 863 2577 Dum
888 2525 1041 2587 fovet,
1081 2526 1177 2576 &a
1588 2587 1594 2593 ἡ

566 2599 635 2651 V.
657 2597 1055 2670 28·-Επα.ξω.]
1100 2597 1264 2651 Aldus
1301 2609 1350 2650 et
1373 2597 1643 2670 Calliergus
1667 2597 1854 2651 habent
1891 2597 2057 2668 εποιξοι.
2114 2594 2422 2655 Reffiffime.
2484 2598 2565 2651 Ita

495 2673 671 2725 volunt
697 2672 889 2735 Dores3
937 2695 971 2723 ω
997 2671 1173 2723 scilicet
1208 2672 1260 2723 in
1287 2694 1321 2723 α,
1347 2684 1539 2723 mutare
1570 2672 1703 2742 apud
1727 2672 1995 2728 secundam
2029 2671 2288 2743 personam
2325 2670 2486 2725 aoristi
2520 2689 2562 2737 1.
2632 2675 2637 2678 ⁴

495 2746 664 2797 medii.
723 2746 792 2797 Et
819 2745 948 2797 alibi.
1011 2745 1140 2797 Vide
1164 2745 1291 2797 Not.
1333 2745 1394 2796 ad
1420 2745 1639 2815 Idyll.V.
1663 2747 1711 2797 6.
1757 2745 1989 2798 Schottus
2025 2743 2167 2797 affert
2191 2743 2380 2814 εποιξοις.
2443 2745 2565 2798 obs.

496 2820 561 2872 ΙΙ.
583 2820 672 2884 46.
733 2819 1025 2870 Harleianus
1050 2818 1132 2869 dat
1158 2819 1333 2870 Codex
1360 2817 1524 2887 επηξω.
1588 2819 1844 2890 Optimus,
1869 2819 2123 2871 Laurentii
2147 2816 2313 2886 εποιξοι.

571 2892 639 2943 V.
664 2907 751 2962 32.
790 2908 923 2944 Αινεω
961 2914 1028 2943 τον
1060 2912 1105 2943 τε
1132 2887 1322 2964 Κρὸἲωνόι.
1343 2893 1441 2964 -]
1492 2893 1789 2946 Percelebris
1828 2893 1943 2945 urbs
1989 2893 2120 2965 apud
2159 2892 2347 2947 Siculos
2373 2893 2566 2944 Croton

497 2963 590 3015 fuit
610 2989 626 3026 3
675 2965 1017 3034 amplitudine,
1057 2965 1230 3027 nitore,
1271 2966 1458 3017 civium
1499 2966 1836 3028 multitudine,
1873 2967 1998 3019 inter
2037 2968 2221 3038 primas
2245 2962 2563 3035 suspicienda.

497 3038 634 3089 Mira
670 3038 821 3089 etiam
846 3038 959 3090 coeli
983 3039 1219 3109 temperie
1250 3038 1539 3091 feliciffima.
1601 3040 1891 3110 Qnetiam
1917 3052 2120 3112 propter
2146 3039 2369 3091 studium
2405 3037 2566 3091 athle-

496 3111 653 3163 ticum
679 3129 977 3182 magnopere
1002 3112 1226 3164 inclaruit
1247 3137 1263 3175 ;
1311 3111 1602 3183 crebrasque
1626 3113 1869 3176 νίἂοῑίαε,
1907 3131 2033 3184 quas
2054 3115 2156 3185 ejus
2182 3111 2356 3164 incolae
2385 3110 2563 3183 paffim

491 3184 778 3255 Olympicis
803 3184 1108 3254 reportaviffe
1133 3186 1406 3238 traduntur.
1466 3186 1647 3238 Schola
1671 3188 1821 3238 etiam
1854 3186 2039 3248 floruit,
2077 3204 2233 3258 quam
2257 3183 2566 3256 Pythagoras

498 3257 782 3318 instituerat,
822 3257 1115 3328 optimisque
1141 3258 1321 3310 artium
1349 3259 1628 3311 liberalium
1653 3259 1913 3332 disciplinis
1937 3259 2248 3314 instruxerat.
2310 3257 2451 3310 Hinc
2473 3259 2566 3312 ab·
2609 3332 2625 3337 ο
2681 3299 2683 3302 -

497 3331 629 3382 unde
652 3330 872 3382 materies
896 3332 1141 3386 carminis.
1206 3347 1338 3384 Αινεω
1364 3350 1464 3384 vox
1490 3333 1561 3385 est
1584 3332 1955 3403 hymnologica.
1991 3384 1993 3387 ,
2135 3384 2137 3386 ,
2317 3382 2321 3386 ,

571 3403 699 3457 Ibid.
720 3433 794 3448 —
810 3403 860 3458 ‘A
887 3405 1148 3479 Ζοικιωθος]
1186 3404 1335 3460 Forte
1358 3408 1451 3460 ἁτε.
1498 3406 1667 3481 ’(ᾈοά
1691 3406 1839 3461 habet
1865 3406 2042 3462 Codex
2065 3404 2355 3461 Vaticanus,

2543 3465 2572 3473 ω

2377 3550 2445 3605 V.
2468 3565 2557 3623 34.

2810 1303 2852 1382 .έέ
