2852 4004
948 286 1156 329 v1'rA
1237 287 1735 328 Tuzocnx’rr.
2338 278 2378 330 li

534 395 736 454 Νωέἷπ
757 397 876 463 δὶέν
900 422 1096 477 προχοῃσι
1118 398 1459 478 μελωμψηφοιο
1481 409 1495 433 ¹
1529 417 1678 476 Βορινης
1693 408 1731 453 ².

538 492 820 547 Habitabat
842 494 895 547 in
920 494 1043 566 cstiis
1068 496 1228 569 nigris
1250 495 1432 569 lapillis
1444 493 1678 567 praeditae
1702 494 1926 550 Burinae.

309 582 434 637 Hoc
459 584 622 638 etiam
646 585 784 640 illius
811 586 1066 640 distichon
1093 588 1269 641 laudat
1294 586 1575 640 Athenaeus
1595 592 1631 639 ³.

531 697 762 754 rnpunuro
786 677 830 735 δε
857 683 1003 758 νεζρος,
1040 683 1122 739 ἀπε
1147 681 1320 759 ψυχᾶυ
1345 699 1548 744 omnum,

605 760 747 832 Οξειης
768 785 924 818 mma
940 772 961 795 ⁴
987 789 1149 838 πμμα.
1176 765 1483 837 φυλαξαμλυη.

308 847 495 902 Alium
535 850 665 904 item
691 853 891 907 versum
931 857 1165 919 unicum,
1205 870 1257 910 et
1296 854 1626 929 epitaphium
1654 854 1897 926 ejusdem,
1936 857 2136 929 profert
2174 858 2314 913 idem
2335 866 2353 890 ⁵·
2365 883 2390 921 ς

305 946 420 999 quae
447 929 555 983 huc
575 929 768 994 ,referre
794 934 927 988 nihil
954 939 1157 991 attinet.
1222 937 1297 991 At
1323 956 1429 991 non
1454 937 1797 999 omittendus,
1838 956 1999 1010 quem
2023 939 2199 994 laudat
2227 942 2388 994 Anti-

304 1028 469 1081 gonus
499 1012 765 1084 Carystius
788 1017 825 1068 ⁶.

527 1101 720 1172 Bwssoeae
737 1109 752 1132 ⁷
783 1102 1006 1173 φθκμᾶζυος
1023 1108 1039 1131 ⁸
1065 1107 1348 1169 ωερεεςησοιο
1371 1129 1535 1184 μακροῦ
1558 1119 1791 1178 potnias-occ.

375 1188 472 1243 IX.
514 1188 674 1244 Plura
709 1193 924 1265 quidem
966 1195 1153 1249 restant
1193 1197 1401 1249 alterius
1441 1196 1719 1249 Theocriti
1761 1197 2088 1269 praeceptori's
2133 1198 2385 1261 carmina,

303 1268 621 1342 Asclepiadae
647 1291 855 1346 nempe.
915 1275 1061 1330 Nam
1090 1277 1144 1330 in
1171 1277 1516 1348 Anthologia‚
1546 1278 1826 1331 duodecim
1851 1278 1916 1330 ad
1940 1280 2222 1331 minimum
2250 1281 2384 1351 Epi-

299 1365 593 1422 grammata
617 1352 708 1407 sub
746 1356 856 1426 ejus
887 1358 1103 1410 nomine
1130 1370 1329 1420 extant,
1369 1359 1538 1412 multo
1571 1362 1687 1414 sane
1728 1360 1902 1430 lepore
1936 1360 2145 1412 condita
2186 1361 2383 1413 omnia.

301 1431 547 1502 Qrum
577 1452 743 1487 unum
768 1449 993 1500 tanturn,
1019 1438 1308 1510 speciminis
1334 1439 1501 1500 causa,
1540 1438 1801 1511 proferam
1824 1458 1839 1490 ε
1879 1441 2128 1510 quoniam
2157 1441 2220 1492 de
2248 1442 2378 1493 Pto-

299 1511 468 1565 lemaei
495 1513 705 1585 Lagidae
744 1516 1096 1589 pulcherrima
1129 1531 1182 1574 et
1208 1519 1533 1572 dilectiffima
1556 1537 1731 1580 uxore,
1771 1521 2017 1573 Berenice
2042 1521 2177 1592 agit:
2226 1532 2388 1592 atque

299 1593 515 1663 proinde
541 1607 595 1647 et
623 1594 897 1650 authorem
923 1611 976 1652 et
1003 1611 1208 1652 aetatem
1236 1619 1330 1672 per
1354 1599 1404 1652 se
1430 1599 1544 1652 satis
1571 1600 1783 1653 indicat.

744 1708 1173 1755 ΑΣΚΛΗΠΙΑΔΟΥ,
1215 1711 1287 1752 Eae
1314 1717 1451 1752 ακρναι
1476 1711 1685 1768 Βερενικης.

523 1781 734 1859 Κυπριὲος
757 1786 1016 1851 ἁᾶὶάκωνς
1054 1790 1151 1862 Φερζ
1191 1786 1387 1861 nabala-eh
1410 1814 1472 1861 μη
1498 1806 1714 1867 Βεξενικης.

594 1866 771 1942 Διςοιζω
795 1891 961 1943 πτερῶν
986 1880 1047 1941 φη
1071 1894 1138 1928 τις
1163 1874 1415 1944 &pomer-epm.

525 1966 615 2018 An
644 1965 845 2018 Veneris
871 1966 978 2020 haec
995 1967 1176 2041 statua
1195 1968 1223 2021 ἓ
1282 1972 1415 2042 Age,
1457 1968 1708 2023 videamus
1733 1987 1799 2022 an
1827 1967 2100 2023 Berenices.

595 2045 814 2108 Dubito,
853 2066 920 2100 an
944 2048 1076 2102 hanc
1098 2069 1165 2103 an
1192 2050 1325 2103 illam
1355 2050 1489 2103 dicat
1515 2050 1622 2122 quis
1638 2049 1941 2119 stmiliorem.

390 2129 458 2184 X.
512 2132 731 2186 Talibus
776 2135 892 2188 usus
942 2139 1343 2211 praeceptoribus
1391 2139 1727 2200 TheocritUS‚
1786 2155 1882 2190 nee
1930 2134 2020 2188 suo
2068 2137 2278 2208 ingenio
2330 2156 2382 2195 et

298 2213 489 2275 indole,
542 2232 638 2267 nec
683 2215 897 2269 illorum
945 2217 1089 2272 fama
1136 2219 1328 2290 aliquid
1378 2220 1659 2292 indignum
1704 2218 1832 2271 fecit
1879 2230 1966 2270 aut
2013 2218 2239 2290 scripfit3
2297 2221 2385 2273 sed

295 2295 500 2366 magnis
538 2296 863 2368 principibus
899 2296 1085 2353 charus
1118 2301 1266 2362 vixit,
1307 2313 1360 2354 et
1396 2303 1451 2353 in
1497 2302 1710 2354 illorum
1749 2300 1908 2352 etiam
1950 2300 2114 2370 gratia
2157 2300 2381 2354 immor-

297 2389 419 2429 tuus
456 2375 544 2428 est.
609 2377 808 2430 Verum
847 2378 976 2440 aliis,
1017 2393 1069 2434 et
1107 2380 1230 2434 huic
1268 2383 1444 2444 etiam,
1486 2383 1664 2434 nocuit
1691 2381 2084 2452 Cognominem
2122 2380 2384 2435 habuifl'et

295 2476 620 2530 quamquam
645 2471 697 2511 et
736 2460 843 2531 ipse
871 2461 988 2514 satis
1016 2474 1162 2515 caute
1204 2463 1268 2516 de
1294 2462 1391 2515 hac
1431 2481 1485 2515 re
1511 2481 1604 2515 nos
1640 2462 2007 2533 praemonuerit
2041 2462 2094 2512 in
2135 2463 2224 2516 illo
2263 2467 2382 2535 epi-

295 2553 586 2612 grammate
627 2541 776 2610 supra
814 2555 1121 2604 memorato,
1161 2554 1298 2599 Αλλος
1337 2546 1357 2594 ὅ
1392 2558 1508 2604 Χιος,
1548 2543 1631 2596 &c
1653 2550 1689 2595 ⁹.
1755 2543 1946 2614 Neque
1986 2543 2127 2594 enim
2173 2557 2383 2607 tantum

292 2621 511 2691 periculi
553 2622 606 2673 in
652 2622 742 2674 illa
779 2623 1023 2693 opinione
1066 2624 1265 2678 videtur
1307 2625 1482 2685 latere,
1530 2643 1634 2695 qua
1667 2623 1982 2676 Theocritus
2022 2635 2074 2675 et
2111 2623 2384 2687 Moschu8‚

295 2712 384 2754 aut
422 2702 584 2755 etiam
619 2703 772 2765 Bion,
804 2704 965 2757 ridem
1005 2717 1058 2758 et
1098 2725 1228 2758 unus
1271 2705 1417 2759 fuiffe
1454 2705 1827 2778 perhibentur3
1877 2717 2134 2776 quantum
2170 2706 2224 2756 in
2259 2706 2382 2770 hac,

293 2782 439 2857 quod
464 2782 634 2836 noster
660 2783 979 2838 Theocritus
1007 2786 1366 2858 SyracusanuS,
1404 2787 1545 2839 idem
1572 2787 1631 2840 fit
1666 2799 1819 2857 atque
1847 2785 2027 2838 Chius.
2094 2786 2276 2855 Qum
2301 2799 2380 2839 ta.-

294 2880 420 2915 men
448 2863 616 2917 noster
653 2876 965 2940 tamtaperge
992 2865 1039 2917 se
1067 2867 1347 2938 distinguat
1373 2867 1438 2919 ab
1466 2867 1574 2928 illo,
1612 2881 1672 2922 ut
1700 2866 1863 2918 modo
1889 2866 2133 2920 vidimus.
2195 2868 2267 2921 Et
2294 2868 2378 2919 di-

293 2944 543 3008 cendum,
581 2946 723 3019 quod
750 2943 916 3000 Chius
951 2946 1039 3001 ille
1066 2946 1381 3003 Theocritus
1416 2947 1675 3018 sexaginta
1700 2947 1846 3000 annis
1873 2947 2179 3019 Syracusano
2205 2948 2379 3001 nostro

355 3122 370 3148 Ι
404 3110 463 3149 Ibi
481 3120 750 3162 μιλοιμσητςοιο.
833 3159 835 3162 Ι
1427 3113 1452 3151 6
1481 3113 1530 3152 C.
1547 3111 1657 3151 xxiii..

351 3177 374 3203 2
405 3164 518 3216 Idyll.
533 3164 595 3202 vii.
613 3165 652 3203 6.
920 3209 924 3213 ⁵
1428 3179 1451 3217 7
1484 3168 1559 3217 [Ita
1588 3176 1624 3204 et
1654 3173 1825 3208 Βκποιηπι
1858 3177 2018 3218 pamm,
2053 3167 2090 3205 in
2118 3166 2381 3217 epigrammate

353 3231 374 3270 3
403 3218 451 3257 L.
465 3218 507 3256 ii.
535 3218 601 3256 fol.
621 3230 686 3268 71.
714 3219 762 3258 A.
1374 3218 1543 3271 nasama».
1586 3219 1687 3257 Vide
1706 3233 1773 3258 nos
1794 3221 1840 3258 ad
1860 3219 1972 3272 Idyll.
1991 3219 2047 3260 iii.
2066 3220 2150 3272 13.]

316 3299 319 3302 -
349 3280 375 3321 4
403 3271 629 3322 [Siculorum
656 3285 746 3315 vox.
792 3273 931 3314 Confer
953 3273 1150 3315 Theocrit.
1181 3274 1292 3326 Idyll.
1429 3277 1451 3314 8
1481 3274 1538 3334 Ibi
1555 3270 1713 3334 ‘Paess‘fflff-
1746 3273 1860 3314 Male.

298 3338 337 3364 x.
354 3325 487 3433 ἔξω.
506 3390 597 3431 327.
619 3376 713 3431 401,-
1388 3341 1454 3417 Η9
1481 3327 1573 3370 de.
1606 3328 1709 3376 §.111²

2203 3484 2209 3487 ,
2233 3420 2400 3509 prior:
