<?xml version="1.0" encoding="UTF-8"?>
<!DOCTYPE html PUBLIC "-//W3C//DTD XHTML 1.0 Transitional//EN"
    "http://www.w3.org/TR/xhtml1/DTD/xhtml1-transitional.dtd">
<html xmlns="http://www.w3.org/1999/xhtml" xml:lang="en" lang="en">
 <head>
  <title>
</title>
<meta http-equiv="Content-Type" content="text/html;charset=utf-8" />
  <meta name='ocr-system' content='tesseract 3.04.00' />
  <meta name='ocr-capabilities' content='ocr_page ocr_carea ocr_par ocr_line ocrx_word'/>
</head>
<body>
  <div class='ocr_page' id='page_1' title='image "./theocritisyracus00theouoft_0219.png"; bbox 0 0 2852 4004; ppageno 0'>
   <div class='ocr_carea' id='block_1_1' title="bbox 1259 232 1624 322">
    <p class='ocr_par' dir='ltr' id='par_1_1' title="bbox 1259 232 1624 322">
     <span class='ocr_line' id='line_1_1' title="bbox 1259 232 1624 322; baseline -0.011 0"><span class='ocrx_word' id='word_1_1' title='bbox 1259 232 1624 322; x_wconf 80' lang='lat'>(135)</span> 
     </span>
    </p>
   </div>
   <div class='ocr_carea' id='block_1_2' title="bbox 359 560 2533 644">
    <p class='ocr_par' dir='ltr' id='par_1_2' title="bbox 359 560 2533 644">
     <span class='ocr_line' id='line_1_2' title="bbox 359 560 2533 644; baseline 0.002 -6"><span class='ocrx_word' id='word_1_2' title='bbox 359 560 901 639; x_wconf 82' lang='lat' dir='ltr'>NOTITIA</span> <span class='ocrx_word' id='word_1_3' title='bbox 976 568 1735 633; x_wconf 85' lang='lat' dir='ltr'>SCHOLIORUM</span> <span class='ocrx_word' id='word_1_4' title='bbox 1814 568 2533 644; x_wconf 91' lang='lat' dir='ltr'>THEOCRITI.</span> 
     </span>
    </p>
   </div>
   <div class='ocr_carea' id='block_1_3' title="bbox 311 832 2612 2321">
    <p class='ocr_par' dir='ltr' id='par_1_3' title="bbox 473 832 2583 914">
     <span class='ocr_line' id='line_1_3' title="bbox 473 832 2583 914; baseline 0.001 -21"><span class='ocrx_word' id='word_1_5' title='bbox 473 838 567 893; x_wconf 95' lang='lat' dir='ltr'>UI</span> <span class='ocrx_word' id='word_1_6' title='bbox 605 836 940 893; x_wconf 83' lang='lat' dir='ltr'>Theocritum</span> <span class='ocrx_word' id='word_1_7' title='bbox 968 834 1195 890; x_wconf 88' lang='lat' dir='ltr'>nostrum</span> <span class='ocrx_word' id='word_1_8' title='bbox 1221 832 1433 888; x_wconf 89' lang='lat' dir='ltr'>Scholiis</span> <span class='ocrx_word' id='word_1_9' title='bbox 1465 844 1516 886; x_wconf 88' lang='lat' dir='ltr'>et</span> <span class='ocrx_word' id='word_1_10' title='bbox 1543 833 1916 886; x_wconf 86' lang='lat' dir='ltr'>commentariis</span> <span class='ocrx_word' id='word_1_11' title='bbox 1940 834 2130 893; x_wconf 86' lang='lat' dir='ltr'>Graecis</span> <span class='ocrx_word' id='word_1_12' title='bbox 2174 837 2301 892; x_wconf 88' lang='lat' dir='ltr'>olim</span> <span class='ocrx_word' id='word_1_13' title='bbox 2335 841 2583 914; x_wconf 88' lang='lat' dir='ltr'>interpre-</span> 
     </span>
    </p>

    <p class='ocr_par' dir='ltr' id='par_1_4' title="bbox 311 907 2612 2321">
     <span class='ocr_line' id='line_1_4' title="bbox 500 907 2582 983; baseline 0.001 -17"><span class='ocrx_word' id='word_1_14' title='bbox 500 915 588 966; x_wconf 87' lang='lat' dir='ltr'>tati</span> <span class='ocrx_word' id='word_1_15' title='bbox 626 912 755 974; x_wconf 90' lang='lat' dir='ltr'>sunt,</span> <span class='ocrx_word' id='word_1_16' title='bbox 795 909 968 973; x_wconf 88' lang='lat' dir='ltr'>Theo,</span> <span class='ocrx_word' id='word_1_17' title='bbox 1009 911 1331 971; x_wconf 85' lang='lat' dir='ltr'>Amarantus,</span> <span class='ocrx_word' id='word_1_18' title='bbox 1371 907 1708 979; x_wconf 74' lang='lat' dir='ltr'>Asclepiade5‚</span> <span class='ocrx_word' id='word_1_19' title='bbox 1748 907 2010 972; x_wconf 89' lang='lat' dir='ltr'>Munatus,</span> <span class='ocrx_word' id='word_1_20' title='bbox 2050 912 2437 983; x_wconf 77' lang='lat' dir='ltr'>NeoptolemuS,</span> <span class='ocrx_word' id='word_1_21' title='bbox 2477 918 2582 968; x_wconf 91' lang='lat' dir='ltr'>Ni-</span> 
     </span>
     <span class='ocr_line' id='line_1_5' title="bbox 311 980 2587 1061; baseline 0 -18"><span class='ocrx_word' id='word_1_22' title='bbox 311 1006 482 1050; x_wconf 86' lang='lat' dir='ltr'>canor,</span> <span class='ocrx_word' id='word_1_23' title='bbox 519 999 570 1040; x_wconf 86' lang='lat' dir='ltr'>et</span> <span class='ocrx_word' id='word_1_24' title='bbox 594 986 825 1041; x_wconf 87' lang='lat' dir='ltr'>Amerias</span> <span class='ocrx_word' id='word_1_25' title='bbox 843 995 877 1047; x_wconf 85' lang='lat'>¹,</span> <span class='ocrx_word' id='word_1_26' title='bbox 906 983 1067 1038; x_wconf 68' lang='lat' dir='ltr'>doctis</span> <span class='ocrx_word' id='word_1_27' title='bbox 1092 982 1204 1037; x_wconf 84' lang='lat' dir='ltr'>viris</span> <span class='ocrx_word' id='word_1_28' title='bbox 1229 994 1574 1037; x_wconf 84' lang='lat' dir='ltr'>memorantur</span> <span class='ocrx_word' id='word_1_29' title='bbox 1593 987 1629 1034; x_wconf 86' lang='lat'>².</span> <span class='ocrx_word' id='word_1_30' title='bbox 1678 981 1808 1052; x_wconf 80' lang='lat' dir='ltr'>Qs</span> <span class='ocrx_word' id='word_1_31' title='bbox 1833 980 1981 1035; x_wconf 88' lang='lat' dir='ltr'>fuerit</span> <span class='ocrx_word' id='word_1_32' title='bbox 2006 983 2086 1037; x_wconf 90' lang='lat' dir='ltr'>ille</span> <span class='ocrx_word' id='word_1_33' title='bbox 2110 986 2282 1050; x_wconf 84' lang='lat' dir='ltr'>Theo,</span> <span class='ocrx_word' id='word_1_34' title='bbox 2317 1007 2438 1042; x_wconf 88' lang='lat' dir='ltr'>nam</span> <span class='ocrx_word' id='word_1_35' title='bbox 2467 991 2587 1061; x_wconf 90' lang='lat' dir='ltr'>plu-</span> 
     </span>
     <span class='ocr_line' id='line_1_6' title="bbox 313 1055 2586 1133; baseline 0 -16"><span class='ocrx_word' id='word_1_36' title='bbox 313 1063 431 1117; x_wconf 85' lang='lat' dir='ltr'>rimi</span> <span class='ocrx_word' id='word_1_37' title='bbox 456 1063 568 1115; x_wconf 88' lang='lat' dir='ltr'>sunt</span> <span class='ocrx_word' id='word_1_38' title='bbox 594 1061 696 1133; x_wconf 84' lang='lat' dir='ltr'>ejus</span> <span class='ocrx_word' id='word_1_39' title='bbox 723 1058 958 1121; x_wconf 75' lang='lat' dir='ltr'>nominiS,</span> <span class='ocrx_word' id='word_1_40' title='bbox 984 1074 1188 1129; x_wconf 90' lang='lat' dir='ltr'>quoque</span> <span class='ocrx_word' id='word_1_41' title='bbox 1212 1069 1437 1129; x_wconf 90' lang='lat' dir='ltr'>tempore</span> <span class='ocrx_word' id='word_1_42' title='bbox 1461 1056 1656 1117; x_wconf 85' lang='lat' dir='ltr'>vixerit,</span> <span class='ocrx_word' id='word_1_43' title='bbox 1685 1055 1821 1108; x_wconf 91' lang='lat' dir='ltr'>haud</span> <span class='ocrx_word' id='word_1_44' title='bbox 1848 1057 1970 1109; x_wconf 89' lang='lat' dir='ltr'>adeo</span> <span class='ocrx_word' id='word_1_45' title='bbox 1994 1057 2186 1130; x_wconf 89' lang='lat' dir='ltr'>liquido</span> <span class='ocrx_word' id='word_1_46' title='bbox 2211 1062 2418 1116; x_wconf 90' lang='lat' dir='ltr'>constat.</span> <span class='ocrx_word' id='word_1_47' title='bbox 2463 1065 2586 1118; x_wconf 87' lang='lat' dir='ltr'>Erat</span> 
     </span>
     <span class='ocr_line' id='line_1_7' title="bbox 314 1129 2586 1208; baseline 0 -18"><span class='ocrx_word' id='word_1_48' title='bbox 314 1134 672 1208; x_wconf 87' lang='lat' dir='ltr'>grammaticus</span> <span class='ocrx_word' id='word_1_49' title='bbox 703 1133 915 1205; x_wconf 87' lang='lat' dir='ltr'>quidam</span> <span class='ocrx_word' id='word_1_50' title='bbox 938 1131 1110 1194; x_wconf 86' lang='lat' dir='ltr'>Theo,</span> <span class='ocrx_word' id='word_1_51' title='bbox 1151 1130 1539 1193; x_wconf 69' lang='lat' dir='ltr'>Alexandriam,</span> <span class='ocrx_word' id='word_1_52' title='bbox 1582 1129 1670 1200; x_wconf 90' lang='lat' dir='ltr'>qui</span> <span class='ocrx_word' id='word_1_53' title='bbox 1713 1129 1880 1183; x_wconf 88' lang='lat' dir='ltr'>floruit</span> <span class='ocrx_word' id='word_1_54' title='bbox 1915 1132 2066 1202; x_wconf 89' lang='lat' dir='ltr'>paulo</span> <span class='ocrx_word' id='word_1_55' title='bbox 2101 1145 2229 1197; x_wconf 89' lang='lat' dir='ltr'>ante,</span> <span class='ocrx_word' id='word_1_56' title='bbox 2267 1136 2345 1187; x_wconf 89' lang='lat' dir='ltr'>vel</span> <span class='ocrx_word' id='word_1_57' title='bbox 2378 1137 2586 1203; x_wconf 87' lang='lat' dir='ltr'>circiter,</span> 
     </span>
     <span class='ocr_line' id='line_1_8' title="bbox 315 1204 2587 1284; baseline -0 -19"><span class='ocrx_word' id='word_1_58' title='bbox 315 1210 508 1265; x_wconf 85' lang='lat' dir='ltr'>Tiberii</span> <span class='ocrx_word' id='word_1_59' title='bbox 532 1220 582 1262; x_wconf 88' lang='lat' dir='ltr'>et</span> <span class='ocrx_word' id='word_1_60' title='bbox 604 1207 807 1262; x_wconf 87' lang='lat' dir='ltr'>Claudii</span> <span class='ocrx_word' id='word_1_61' title='bbox 830 1219 1060 1279; x_wconf 88' lang='lat' dir='ltr'>tempora</span> <span class='ocrx_word' id='word_1_62' title='bbox 1076 1210 1109 1256; x_wconf 83' lang='lat'>³.</span> <span class='ocrx_word' id='word_1_63' title='bbox 1162 1204 1364 1259; x_wconf 87' lang='lat' dir='ltr'>Scholia</span> <span class='ocrx_word' id='word_1_64' title='bbox 1389 1205 1490 1267; x_wconf 91' lang='lat' dir='ltr'>ille,</span> <span class='ocrx_word' id='word_1_65' title='bbox 1523 1204 1559 1257; x_wconf 87' lang='lat' dir='ltr'>fi</span> <span class='ocrx_word' id='word_1_66' title='bbox 1585 1204 1712 1257; x_wconf 85' lang='lat' dir='ltr'>forte</span> <span class='ocrx_word' id='word_1_67' title='bbox 1738 1204 1874 1256; x_wconf 88' lang='lat' dir='ltr'>idem</span> <span class='ocrx_word' id='word_1_68' title='bbox 1899 1205 2065 1270; x_wconf 86' lang='lat' dir='ltr'>fuerit,</span> <span class='ocrx_word' id='word_1_69' title='bbox 2095 1208 2148 1260; x_wconf 90' lang='lat' dir='ltr'>in</span> <span class='ocrx_word' id='word_1_70' title='bbox 2172 1209 2393 1262; x_wconf 89' lang='lat' dir='ltr'>Homeri</span> <span class='ocrx_word' id='word_1_71' title='bbox 2418 1211 2587 1284; x_wconf 90' lang='lat' dir='ltr'>Odys-</span> 
     </span>
     <span class='ocr_line' id='line_1_9' title="bbox 312 1277 2588 1355; baseline 0 -17"><span class='ocrx_word' id='word_1_72' title='bbox 312 1283 467 1346; x_wconf 87' lang='lat' dir='ltr'>seam,</span> <span class='ocrx_word' id='word_1_73' title='bbox 514 1283 566 1336; x_wconf 88' lang='lat' dir='ltr'>in</span> <span class='ocrx_word' id='word_1_74' title='bbox 599 1281 936 1355; x_wconf 89' lang='lat' dir='ltr'>Apollonium</span> <span class='ocrx_word' id='word_1_75' title='bbox 976 1277 1261 1343; x_wconf 90' lang='lat' dir='ltr'>Rhodium,</span> <span class='ocrx_word' id='word_1_76' title='bbox 1307 1278 1702 1340; x_wconf 88' lang='lat' dir='ltr'>Callimachum,</span> <span class='ocrx_word' id='word_1_77' title='bbox 1755 1291 1805 1330; x_wconf 91' lang='lat' dir='ltr'>et</span> <span class='ocrx_word' id='word_1_78' title='bbox 1842 1279 2191 1352; x_wconf 87' lang='lat' dir='ltr'>Lycophronis</span> <span class='ocrx_word' id='word_1_79' title='bbox 2223 1283 2588 1351; x_wconf 88' lang='lat' dir='ltr'>Alexandram,</span> 
     </span>
     <span class='ocr_line' id='line_1_10' title="bbox 312 1351 2588 1431; baseline 0 -18"><span class='ocrx_word' id='word_1_80' title='bbox 312 1357 499 1431; x_wconf 80' lang='lat' dir='ltr'>scripsit</span> <span class='ocrx_word' id='word_1_81' title='bbox 517 1363 551 1409; x_wconf 70' lang='lat'>4.</span> <span class='ocrx_word' id='word_1_82' title='bbox 606 1356 750 1411; x_wconf 89' lang='lat' dir='ltr'>Nam</span> <span class='ocrx_word' id='word_1_83' title='bbox 774 1355 1020 1415; x_wconf 84' lang='lat' dir='ltr'>medicus,</span> <span class='ocrx_word' id='word_1_84' title='bbox 1057 1370 1162 1408; x_wconf 92' lang='lat' dir='ltr'>non</span> <span class='ocrx_word' id='word_1_85' title='bbox 1188 1354 1545 1426; x_wconf 88' lang='lat' dir='ltr'>grammaticus</span> <span class='ocrx_word' id='word_1_86' title='bbox 1570 1351 1714 1407; x_wconf 75' lang='lat' dir='ltr'>fuiss‘e</span> <span class='ocrx_word' id='word_1_87' title='bbox 1739 1351 1947 1415; x_wconf 90' lang='lat' dir='ltr'>videtur,</span> <span class='ocrx_word' id='word_1_88' title='bbox 1986 1355 2075 1425; x_wconf 93' lang='lat' dir='ltr'>qui</span> <span class='ocrx_word' id='word_1_89' title='bbox 2097 1355 2417 1412; x_wconf 89' lang='lat' dir='ltr'>Nicandrum</span> <span class='ocrx_word' id='word_1_90' title='bbox 2441 1376 2588 1413; x_wconf 87' lang='lat' dir='ltr'>corn-</span> 
     </span>
     <span class='ocr_line' id='line_1_11' title="bbox 315 1425 2590 1506; baseline -0 -19"><span class='ocrx_word' id='word_1_91' title='bbox 315 1431 566 1487; x_wconf 75' lang='lat' dir='ltr'>mentatio</span> <span class='ocrx_word' id='word_1_92' title='bbox 605 1429 863 1485; x_wconf 86' lang='lat' dir='ltr'>illustravit</span> <span class='ocrx_word' id='word_1_93' title='bbox 881 1436 913 1482; x_wconf 81' lang='lat'>⁵.</span> <span class='ocrx_word' id='word_1_94' title='bbox 981 1428 1202 1498; x_wconf 88' lang='lat' dir='ltr'>Collegit</span> <span class='ocrx_word' id='word_1_95' title='bbox 1247 1428 1399 1482; x_wconf 87' lang='lat' dir='ltr'>etiam</span> <span class='ocrx_word' id='word_1_96' title='bbox 1432 1427 1624 1481; x_wconf 88' lang='lat' dir='ltr'>Theon</span> <span class='ocrx_word' id='word_1_97' title='bbox 1665 1425 1842 1497; x_wconf 89' lang='lat' dir='ltr'>aliquis</span> <span class='ocrx_word' id='word_1_98' title='bbox 1876 1440 1972 1483; x_wconf 72' lang='grc' dir='ltr'>ταις</span> <span class='ocrx_word' id='word_1_99' title='bbox 2006 1443 2224 1500; x_wconf 50' lang='lat' dir='ltr'>Rogamus</span> <span class='ocrx_word' id='word_1_100' title='bbox 2257 1430 2414 1500; x_wconf 63' lang='grc' dir='ltr'>Λεξεις,</span> <span class='ocrx_word' id='word_1_101' title='bbox 2462 1450 2590 1506; x_wconf 88' lang='lat' dir='ltr'>opus</span> 
     </span>
     <span class='ocr_line' id='line_1_12' title="bbox 315 1500 2591 1577; baseline 0.001 -17"><span class='ocrx_word' id='word_1_102' title='bbox 315 1505 572 1577; x_wconf 84' lang='lat' dir='ltr'>Hesychio</span> <span class='ocrx_word' id='word_1_103' title='bbox 596 1516 938 1559; x_wconf 88' lang='lat' dir='ltr'>memoratum</span> <span class='ocrx_word' id='word_1_104' title='bbox 958 1505 992 1556; x_wconf 88' lang='lat'>⁶.</span> <span class='ocrx_word' id='word_1_105' title='bbox 1035 1501 1257 1565; x_wconf 77' lang='lat' dir='ltr'>Theoni,</span> <span class='ocrx_word' id='word_1_106' title='bbox 1283 1501 1371 1555; x_wconf 91' lang='lat' dir='ltr'>soli</span> <span class='ocrx_word' id='word_1_107' title='bbox 1395 1502 1605 1572; x_wconf 90' lang='lat' dir='ltr'>quidem</span> <span class='ocrx_word' id='word_1_108' title='bbox 1620 1506 1657 1564; x_wconf 90' lang='lat'>⁷,</span> <span class='ocrx_word' id='word_1_109' title='bbox 1685 1500 1818 1552; x_wconf 88' lang='lat' dir='ltr'>male</span> <span class='ocrx_word' id='word_1_110' title='bbox 1841 1501 2013 1554; x_wconf 89' lang='lat' dir='ltr'>omnia</span> <span class='ocrx_word' id='word_1_111' title='bbox 2036 1521 2150 1574; x_wconf 86' lang='lat' dir='ltr'>quae</span> <span class='ocrx_word' id='word_1_112' title='bbox 2174 1505 2226 1557; x_wconf 88' lang='lat' dir='ltr'>in</span> <span class='ocrx_word' id='word_1_113' title='bbox 2252 1504 2591 1563; x_wconf 83' lang='lat' dir='ltr'>Theocritum</span> 
     </span>
     <span class='ocr_line' id='line_1_13' title="bbox 316 1573 2592 1648; baseline 0.001 -15"><span class='ocrx_word' id='word_1_114' title='bbox 316 1579 467 1634; x_wconf 85' lang='lat' dir='ltr'>hodie</span> <span class='ocrx_word' id='word_1_115' title='bbox 490 1579 913 1632; x_wconf 87' lang='lat' dir='ltr'>circumferuntur</span> <span class='ocrx_word' id='word_1_116' title='bbox 938 1575 1140 1630; x_wconf 87' lang='lat' dir='ltr'>Scholia</span> <span class='ocrx_word' id='word_1_117' title='bbox 1164 1576 1341 1630; x_wconf 88' lang='lat' dir='ltr'>tribuit</span> <span class='ocrx_word' id='word_1_118' title='bbox 1365 1576 1576 1630; x_wconf 88' lang='lat' dir='ltr'>Urfinus</span> <span class='ocrx_word' id='word_1_119' title='bbox 1589 1599 1608 1638; x_wconf 65' lang='grc' dir='ltr'><strong><em>ς</em></strong></span> <span class='ocrx_word' id='word_1_120' title='bbox 1649 1586 1706 1627; x_wconf 88' lang='lat' dir='ltr'>ut</span> <span class='ocrx_word' id='word_1_121' title='bbox 1736 1573 1879 1628; x_wconf 89' lang='lat' dir='ltr'>nullo</span> <span class='ocrx_word' id='word_1_122' title='bbox 1910 1574 2024 1639; x_wconf 91' lang='lat' dir='ltr'>alio,</span> <span class='ocrx_word' id='word_1_123' title='bbox 2063 1594 2218 1648; x_wconf 90' lang='lat' dir='ltr'>quam</span> <span class='ocrx_word' id='word_1_124' title='bbox 2245 1577 2471 1634; x_wconf 88' lang='lat' dir='ltr'>Theonis</span> <span class='ocrx_word' id='word_1_125' title='bbox 2495 1600 2592 1636; x_wconf 89' lang='lat' dir='ltr'>no-</span> 
     </span>
     <span class='ocr_line' id='line_1_14' title="bbox 313 1649 2592 1722; baseline 0.001 -14"><span class='ocrx_word' id='word_1_126' title='bbox 313 1653 466 1713; x_wconf 84' lang='lat' dir='ltr'>mine,</span> <span class='ocrx_word' id='word_1_127' title='bbox 502 1670 561 1708; x_wconf 88' lang='lat' dir='ltr'>ea</span> <span class='ocrx_word' id='word_1_128' title='bbox 585 1654 738 1707; x_wconf 88' lang='lat' dir='ltr'>citare</span> <span class='ocrx_word' id='word_1_129' title='bbox 761 1652 909 1707; x_wconf 90' lang='lat' dir='ltr'>soleat</span> <span class='ocrx_word' id='word_1_130' title='bbox 932 1662 982 1704; x_wconf 90' lang='lat' dir='ltr'>et</span> <span class='ocrx_word' id='word_1_131' title='bbox 1011 1651 1226 1705; x_wconf 88' lang='lat' dir='ltr'>indicare</span> <span class='ocrx_word' id='word_1_132' title='bbox 1247 1653 1282 1703; x_wconf 78' lang='lat'>⁸.</span> <span class='ocrx_word' id='word_1_133' title='bbox 1337 1651 1462 1722; x_wconf 86' lang='lat' dir='ltr'>Ejus</span> <span class='ocrx_word' id='word_1_134' title='bbox 1487 1667 1674 1703; x_wconf 91' lang='lat' dir='ltr'>nomen</span> <span class='ocrx_word' id='word_1_135' title='bbox 1700 1649 1878 1701; x_wconf 90' lang='lat' dir='ltr'>nullibi</span> <span class='ocrx_word' id='word_1_136' title='bbox 1903 1653 2118 1703; x_wconf 78' lang='lat' dir='ltr'>occurrit</span> <span class='ocrx_word' id='word_1_137' title='bbox 2142 1651 2196 1703; x_wconf 88' lang='lat' dir='ltr'>in</span> <span class='ocrx_word' id='word_1_138' title='bbox 2222 1651 2434 1706; x_wconf 89' lang='lat' dir='ltr'>Scholiis</span> <span class='ocrx_word' id='word_1_139' title='bbox 2460 1655 2592 1710; x_wconf 87' lang='lat' dir='ltr'>hisce</span> 
     </span>
     <span class='ocr_line' id='line_1_15' title="bbox 316 1723 2592 1803; baseline 0 -20"><span class='ocrx_word' id='word_1_140' title='bbox 316 1726 510 1784; x_wconf 76' lang='lat' dir='ltr'>nostris.</span> <span class='ocrx_word' id='word_1_141' title='bbox 571 1727 658 1781; x_wconf 85' lang='lat' dir='ltr'>De</span> <span class='ocrx_word' id='word_1_142' title='bbox 683 1726 967 1789; x_wconf 84' lang='lat' dir='ltr'>Amaranti,</span> <span class='ocrx_word' id='word_1_143' title='bbox 1003 1725 1095 1797; x_wconf 91' lang='lat' dir='ltr'>qui</span> <span class='ocrx_word' id='word_1_144' title='bbox 1130 1736 1182 1778; x_wconf 91' lang='lat' dir='ltr'>et</span> <span class='ocrx_word' id='word_1_145' title='bbox 1204 1724 1575 1778; x_wconf 87' lang='lat' dir='ltr'>Alexandrinus</span> <span class='ocrx_word' id='word_1_146' title='bbox 1612 1733 1734 1785; x_wconf 87' lang='lat' dir='ltr'>erat,</span> <span class='ocrx_word' id='word_1_147' title='bbox 1773 1734 1915 1776; x_wconf 85' lang='lat' dir='ltr'>aetate</span> <span class='ocrx_word' id='word_1_148' title='bbox 1953 1723 2135 1778; x_wconf 86' lang='lat' dir='ltr'>filetur.</span> <span class='ocrx_word' id='word_1_149' title='bbox 2191 1725 2450 1780; x_wconf 90' lang='lat' dir='ltr'>Laudatur</span> <span class='ocrx_word' id='word_1_150' title='bbox 2487 1731 2592 1803; x_wconf 86' lang='lat' dir='ltr'>ejus</span> 
     </span>
     <span class='ocr_line' id='line_1_16' title="bbox 321 1798 2594 1871; baseline -0 -14"><span class='ocrx_word' id='word_1_151' title='bbox 321 1801 712 1857; x_wconf 75' lang='lat' dir='ltr'>commentarius</span> <span class='ocrx_word' id='word_1_152' title='bbox 742 1800 798 1854; x_wconf 90' lang='lat' dir='ltr'>in</span> <span class='ocrx_word' id='word_1_153' title='bbox 821 1799 1160 1855; x_wconf 86' lang='lat' dir='ltr'>Theocritum</span> <span class='ocrx_word' id='word_1_154' title='bbox 1192 1800 1257 1852; x_wconf 86' lang='lat' dir='ltr'>ab</span> <span class='ocrx_word' id='word_1_155' title='bbox 1282 1799 1646 1871; x_wconf 88' lang='lat' dir='ltr'>Etymologico</span> <span class='ocrx_word' id='word_1_156' title='bbox 1668 1798 1868 1869; x_wconf 85' lang='lat' dir='ltr'>Magno</span> <span class='ocrx_word' id='word_1_157' title='bbox 1885 1804 1937 1860; x_wconf 77' lang='lat'>⁹5</span> <span class='ocrx_word' id='word_1_158' title='bbox 1977 1809 2027 1850; x_wconf 88' lang='lat' dir='ltr'>et</span> <span class='ocrx_word' id='word_1_159' title='bbox 2062 1798 2190 1851; x_wconf 91' lang='lat' dir='ltr'>forte</span> <span class='ocrx_word' id='word_1_160' title='bbox 2211 1800 2349 1853; x_wconf 88' lang='lat' dir='ltr'>idem</span> <span class='ocrx_word' id='word_1_161' title='bbox 2374 1801 2445 1854; x_wconf 90' lang='lat' dir='ltr'>est</span> <span class='ocrx_word' id='word_1_162' title='bbox 2469 1821 2594 1860; x_wconf 90' lang='lat' dir='ltr'>cum</span> 
     </span>
     <span class='ocr_line' id='line_1_17' title="bbox 318 1871 2612 1948; baseline 0.001 -19"><span class='ocrx_word' id='word_1_163' title='bbox 318 1875 408 1932; x_wconf 87' lang='lat' dir='ltr'>illo</span> <span class='ocrx_word' id='word_1_164' title='bbox 430 1874 539 1948; x_wconf 89' lang='lat' dir='ltr'>qui,</span> <span class='ocrx_word' id='word_1_165' title='bbox 565 1874 684 1929; x_wconf 87' lang='lat' dir='ltr'>teste</span> <span class='ocrx_word' id='word_1_166' title='bbox 700 1874 967 1937; x_wconf 71' lang='lat' dir='ltr'>Athenaeo,</span> <span class='ocrx_word' id='word_1_167' title='bbox 996 1873 1112 1927; x_wconf 90' lang='lat' dir='ltr'>libri</span> <span class='ocrx_word' id='word_1_168' title='bbox 1137 1887 1252 1940; x_wconf 50' lang='lat' dir='ltr'>neg)</span> <span class='ocrx_word' id='word_1_169' title='bbox 1274 1896 1428 1936; x_wconf 75' lang='grc' dir='ltr'><em>σκηνης</em></span> <span class='ocrx_word' id='word_1_170' title='bbox 1451 1876 1625 1927; x_wconf 69' lang='lat' dir='ltr'>auctor</span> <span class='ocrx_word' id='word_1_171' title='bbox 1647 1883 1751 1926; x_wconf 89' lang='lat' dir='ltr'>erat</span> <span class='ocrx_word' id='word_1_172' title='bbox 1766 1878 1824 1926; x_wconf 86' lang='lat'>¹0.</span> <span class='ocrx_word' id='word_1_173' title='bbox 1865 1871 2186 1927; x_wconf 89' lang='lat' dir='ltr'>Memoratur</span> <span class='ocrx_word' id='word_1_174' title='bbox 2210 1885 2260 1927; x_wconf 90' lang='lat' dir='ltr'>et</span> <span class='ocrx_word' id='word_1_175' title='bbox 2285 1877 2612 1943; x_wconf 26' lang='lat' dir='ltr'>Amarantus·</span> 
     </span>
     <span class='ocr_line' id='line_1_18' title="bbox 318 1946 2596 2022; baseline 0.002 -19"><span class='ocrx_word' id='word_1_176' title='bbox 318 1949 679 2022; x_wconf 89' lang='lat' dir='ltr'>grammaticus</span> <span class='ocrx_word' id='word_1_177' title='bbox 703 1966 732 2001; x_wconf 89' lang='lat' dir='ltr'>a</span> <span class='ocrx_word' id='word_1_178' title='bbox 750 1949 949 2002; x_wconf 88' lang='lat' dir='ltr'>Galeno</span> <span class='ocrx_word' id='word_1_179' title='bbox 966 1957 1023 2000; x_wconf 83' lang='lat'>¹¹.</span> <span class='ocrx_word' id='word_1_180' title='bbox 1062 1947 1139 2000; x_wconf 92' lang='lat' dir='ltr'>Ut</span> <span class='ocrx_word' id='word_1_181' title='bbox 1157 1947 1400 2012; x_wconf 81' lang='lat' dir='ltr'>TheoniS,</span> <span class='ocrx_word' id='word_1_182' title='bbox 1425 1948 1493 2001; x_wconf 92' lang='lat' dir='ltr'>ita</span> <span class='ocrx_word' id='word_1_183' title='bbox 1517 1964 1610 2000; x_wconf 90' lang='lat' dir='ltr'>nec</span> <span class='ocrx_word' id='word_1_184' title='bbox 1625 1946 1888 1998; x_wconf 89' lang='lat' dir='ltr'>Amaranti</span> <span class='ocrx_word' id='word_1_185' title='bbox 1913 1964 2120 2012; x_wconf 90' lang='lat' dir='ltr'>nomen,</span> <span class='ocrx_word' id='word_1_186' title='bbox 2147 1950 2199 2000; x_wconf 91' lang='lat' dir='ltr'>in</span> <span class='ocrx_word' id='word_1_187' title='bbox 2224 1947 2358 2001; x_wconf 89' lang='lat' dir='ltr'>hisce</span> <span class='ocrx_word' id='word_1_188' title='bbox 2385 1951 2596 2007; x_wconf 85' lang='lat' dir='ltr'>Scholiis</span> 
     </span>
     <span class='ocr_line' id='line_1_19' title="bbox 317 2017 2593 2095; baseline 0.001 -17"><span class='ocrx_word' id='word_1_189' title='bbox 317 2024 546 2078; x_wconf 87' lang='lat' dir='ltr'>habetur.</span> <span class='ocrx_word' id='word_1_190' title='bbox 602 2022 937 2095; x_wconf 85' lang='lat' dir='ltr'>Asclepiades,</span> <span class='ocrx_word' id='word_1_191' title='bbox 971 2020 1287 2094; x_wconf 86' lang='lat' dir='ltr'>Myrleanus,</span> <span class='ocrx_word' id='word_1_192' title='bbox 1321 2021 1420 2075; x_wconf 89' lang='lat' dir='ltr'>five</span> <span class='ocrx_word' id='word_1_193' title='bbox 1444 2019 1772 2094; x_wconf 87' lang='lat' dir='ltr'>Apameenfis</span> <span class='ocrx_word' id='word_1_194' title='bbox 1796 2017 2063 2092; x_wconf 79' lang='lat' dir='ltr'>BithynuS,</span> <span class='ocrx_word' id='word_1_195' title='bbox 2102 2039 2278 2093; x_wconf 88' lang='lat' dir='ltr'>genere</span> <span class='ocrx_word' id='word_1_196' title='bbox 2304 2023 2593 2092; x_wconf 74' lang='lat' dir='ltr'>NicaeenfiS,</span> 
     </span>
     <span class='ocr_line' id='line_1_20' title="bbox 318 2093 2595 2173; baseline 0.001 -21"><span class='ocrx_word' id='word_1_197' title='bbox 318 2116 384 2152; x_wconf 84' lang='lat' dir='ltr'>ex</span> <span class='ocrx_word' id='word_1_198' title='bbox 403 2096 665 2171; x_wconf 88' lang='lat' dir='ltr'>Apollonii</span> <span class='ocrx_word' id='word_1_199' title='bbox 681 2097 874 2150; x_wconf 89' lang='lat' dir='ltr'>Rhodii</span> <span class='ocrx_word' id='word_1_200' title='bbox 896 2094 1065 2149; x_wconf 85' lang='lat' dir='ltr'>schola</span> <span class='ocrx_word' id='word_1_201' title='bbox 1087 2095 1360 2167; x_wconf 72' lang='lat' dir='ltr'>profectus,</span> <span class='ocrx_word' id='word_1_202' title='bbox 1385 2097 1571 2150; x_wconf 87' lang='lat' dir='ltr'>Romae</span> <span class='ocrx_word' id='word_1_203' title='bbox 1597 2093 1826 2147; x_wconf 89' lang='lat' dir='ltr'>inclaruit</span> <span class='ocrx_word' id='word_1_204' title='bbox 1842 2105 2069 2167; x_wconf 78' lang='lat' dir='ltr'>tempore</span> <span class='ocrx_word' id='word_1_205' title='bbox 2088 2096 2320 2169; x_wconf 89' lang='lat' dir='ltr'>Pompeii</span> <span class='ocrx_word' id='word_1_206' title='bbox 2346 2101 2516 2173; x_wconf 89' lang='lat' dir='ltr'>magni</span> <span class='ocrx_word' id='word_1_207' title='bbox 2539 2111 2595 2155; x_wconf 83' lang='lat'>¹².</span> 
     </span>
     <span class='ocr_line' id='line_1_21' title="bbox 324 2167 2596 2246; baseline 0.001 -21"><span class='ocrx_word' id='word_1_208' title='bbox 324 2172 524 2246; x_wconf 77' lang='lat' dir='ltr'>Scripfit</span> <span class='ocrx_word' id='word_1_209' title='bbox 556 2180 794 2244; x_wconf 78' lang='grc' dir='ltr'><strong><em>Φιλοσοφων</em></strong></span> <span class='ocrx_word' id='word_1_210' title='bbox 820 2169 1013 2235; x_wconf 63' lang='grc' dir='ltr'><em>βιςλιων</em></span> <span class='ocrx_word' id='word_1_211' title='bbox 1049 2168 1340 2246; x_wconf 63' lang='grc' dir='ltr'>ὢοξθωτικοι,</span> <span class='ocrx_word' id='word_1_212' title='bbox 1381 2169 1505 2224; x_wconf 83' lang='lat' dir='ltr'>teste</span> <span class='ocrx_word' id='word_1_213' title='bbox 1533 2168 1760 2222; x_wconf 85' lang='lat' dir='ltr'>Suida¹³.</span> <span class='ocrx_word' id='word_1_214' title='bbox 1827 2167 2046 2222; x_wconf 86' lang='lat' dir='ltr'>Necnon</span> <span class='ocrx_word' id='word_1_215' title='bbox 2082 2174 2507 2227; x_wconf 83' lang='lat' dir='ltr'>commentarium</span> <span class='ocrx_word' id='word_1_216' title='bbox 2543 2177 2596 2228; x_wconf 79' lang='lat' dir='ltr'>in</span> 
     </span>
     <span class='ocr_line' id='line_1_22' title="bbox 326 2241 2594 2321; baseline 0 -19"><span class='ocrx_word' id='word_1_217' title='bbox 326 2246 598 2321; x_wconf 75' lang='lat' dir='ltr'>Odyfl&#39;eam</span> <span class='ocrx_word' id='word_1_218' title='bbox 619 2255 678 2302; x_wconf 80' lang='lat'>²4.</span> <span class='ocrx_word' id='word_1_219' title='bbox 742 2245 930 2319; x_wconf 84' lang='lat' dir='ltr'>Saepius</span> <span class='ocrx_word' id='word_1_220' title='bbox 972 2243 1236 2299; x_wconf 85' lang='lat' dir='ltr'>adducitur</span> <span class='ocrx_word' id='word_1_221' title='bbox 1259 2246 1312 2300; x_wconf 89' lang='lat' dir='ltr'>in</span> <span class='ocrx_word' id='word_1_222' title='bbox 1337 2243 1546 2299; x_wconf 88' lang='lat' dir='ltr'>Scholiis</span> <span class='ocrx_word' id='word_1_223' title='bbox 1570 2241 1831 2316; x_wconf 90' lang='lat' dir='ltr'>Apollonii</span> <span class='ocrx_word' id='word_1_224' title='bbox 1856 2242 2067 2308; x_wconf 89' lang='lat' dir='ltr'>Rhodii,</span> <span class='ocrx_word' id='word_1_225' title='bbox 2104 2257 2153 2298; x_wconf 89' lang='lat' dir='ltr'>et</span> <span class='ocrx_word' id='word_1_226' title='bbox 2190 2246 2264 2299; x_wconf 89' lang='lat' dir='ltr'>bis</span> <span class='ocrx_word' id='word_1_227' title='bbox 2301 2246 2355 2299; x_wconf 87' lang='lat' dir='ltr'>in</span> <span class='ocrx_word' id='word_1_228' title='bbox 2385 2261 2594 2316; x_wconf 55' lang='grc' dir='ltr'>ΤΡΑΓΩ-ν</span> 
     </span>
    </p>
   </div>
   <div class='ocr_carea' id='block_1_4' title="bbox 328 2409 2593 2520">
    <p class='ocr_par' dir='ltr' id='par_1_5' title="bbox 328 2409 2593 2520">
     <span class='ocr_line' id='line_1_23' title="bbox 387 2409 2593 2466; baseline -0.001 -10"><span class='ocrx_word' id='word_1_229' title='bbox 387 2428 403 2456; x_wconf 85' lang='lat'>1</span> <span class='ocrx_word' id='word_1_230' title='bbox 438 2414 626 2455; x_wconf 80' lang='lat' dir='ltr'>Laudatur</span> <span class='ocrx_word' id='word_1_231' title='bbox 645 2423 681 2454; x_wconf 88' lang='lat' dir='ltr'>et</span> <span class='ocrx_word' id='word_1_232' title='bbox 704 2413 900 2465; x_wconf 89' lang='lat' dir='ltr'>Ambryon</span> <span class='ocrx_word' id='word_1_233' title='bbox 919 2428 1003 2462; x_wconf 58' lang='lat' dir='ltr'>mv</span> <span class='ocrx_word' id='word_1_234' title='bbox 1022 2419 1216 2466; x_wconf 67' lang='grc' dir='ltr'>Θιοκςιτιυ,</span> <span class='ocrx_word' id='word_1_235' title='bbox 1243 2425 1428 2461; x_wconf 81' lang='lat' dir='ltr'>gramma·</span> <span class='ocrx_word' id='word_1_236' title='bbox 1500 2424 1602 2459; x_wconf 86' lang='lat' dir='ltr'>nem,</span> <span class='ocrx_word' id='word_1_237' title='bbox 1630 2409 1787 2463; x_wconf 83' lang='lat' dir='ltr'>aliosque</span> <span class='ocrx_word' id='word_1_238' title='bbox 1814 2419 1958 2463; x_wconf 84' lang='lat' dir='ltr'>poetas,</span> <span class='ocrx_word' id='word_1_239' title='bbox 1986 2411 2088 2465; x_wconf 90' lang='lat' dir='ltr'>loqui</span> <span class='ocrx_word' id='word_1_240' title='bbox 2107 2412 2245 2455; x_wconf 87' lang='lat' dir='ltr'>solent:</span> <span class='ocrx_word' id='word_1_241' title='bbox 2275 2414 2373 2466; x_wconf 72' lang='lat' dir='ltr'>quasi</span> <span class='ocrx_word' id='word_1_242' title='bbox 2404 2427 2498 2454; x_wconf 81' lang='lat' dir='ltr'>unus</span> <span class='ocrx_word' id='word_1_243' title='bbox 2522 2415 2593 2454; x_wconf 84' lang='lat' dir='ltr'>ali-</span> 
     </span>
     <span class='ocr_line' id='line_1_24' title="bbox 328 2465 2593 2520; baseline -0.001 -10"><span class='ocrx_word' id='word_1_244' title='bbox 328 2471 435 2516; x_wconf 75' lang='lat' dir='ltr'>ticus,</span> <span class='ocrx_word' id='word_1_245' title='bbox 455 2483 475 2508; x_wconf 96' lang='lat' dir='ltr'>a</span> <span class='ocrx_word' id='word_1_246' title='bbox 494 2470 662 2518; x_wconf 85' lang='lat' dir='ltr'>Diogen.</span> <span class='ocrx_word' id='word_1_247' title='bbox 681 2469 861 2509; x_wconf 88' lang='lat' dir='ltr'>Laert.V.</span> <span class='ocrx_word' id='word_1_248' title='bbox 883 2481 917 2509; x_wconf 90' lang='lat' dir='ltr'>c.</span> <span class='ocrx_word' id='word_1_249' title='bbox 933 2480 947 2506; x_wconf 88' lang='lat'>1</span> <span class='ocrx_word' id='word_1_250' title='bbox 960 2479 994 2506; x_wconf 86' lang='grc' dir='ltr'>ι.</span> <span class='ocrx_word' id='word_1_251' title='bbox 1014 2468 1159 2510; x_wconf 65' lang='lat' dir='ltr'>Auctor</span> <span class='ocrx_word' id='word_1_252' title='bbox 1175 2480 1310 2520; x_wconf 83' lang='lat' dir='ltr'>nempe</span> <span class='ocrx_word' id='word_1_253' title='bbox 1327 2467 1428 2507; x_wconf 87' lang='lat' dir='ltr'>Vitae</span> <span class='ocrx_word' id='word_1_254' title='bbox 1500 2467 1582 2518; x_wconf 88' lang='lat' dir='ltr'>quis</span> <span class='ocrx_word' id='word_1_255' title='bbox 1600 2465 1858 2514; x_wconf 81' lang='lat' dir='ltr'>grammaticus</span> <span class='ocrx_word' id='word_1_256' title='bbox 1874 2467 2041 2507; x_wconf 87' lang='lat' dir='ltr'>omnium</span> <span class='ocrx_word' id='word_1_257' title='bbox 2066 2468 2150 2507; x_wconf 81' lang='lat' dir='ltr'>effet</span> <span class='ocrx_word' id='word_1_258' title='bbox 2169 2470 2308 2509; x_wconf 67' lang='lat' dir='ltr'>auctor.</span> <span class='ocrx_word' id='word_1_259' title='bbox 2353 2470 2424 2508; x_wconf 89' lang='lat' dir='ltr'>Sed</span> <span class='ocrx_word' id='word_1_260' title='bbox 2445 2478 2593 2508; x_wconf 89' lang='lat' dir='ltr'>contra-</span> 
     </span>
    </p>
   </div>
   <div class='ocr_carea' id='block_1_5' title="bbox 327 2520 2596 2631">
    <p class='ocr_par' dir='ltr' id='par_1_6' title="bbox 327 2520 2596 2631">
     <span class='ocr_line' id='line_1_25' title="bbox 327 2520 2596 2572; baseline 0 -7"><span class='ocrx_word' id='word_1_261' title='bbox 327 2524 542 2566; x_wconf 65' lang='lat' dir='ltr'>Theocriti.</span> <span class='ocrx_word' id='word_1_262' title='bbox 1499 2522 1564 2560; x_wconf 85' lang='lat' dir='ltr'>riae</span> <span class='ocrx_word' id='word_1_263' title='bbox 1594 2520 1925 2572; x_wconf 83' lang='lat' dir='ltr'>interpretationes,</span> <span class='ocrx_word' id='word_1_264' title='bbox 1953 2534 2000 2562; x_wconf 90' lang='lat' dir='ltr'>ne</span> <span class='ocrx_word' id='word_1_265' title='bbox 2025 2522 2147 2563; x_wconf 85' lang='lat' dir='ltr'>dicam</span> <span class='ocrx_word' id='word_1_266' title='bbox 2174 2522 2393 2572; x_wconf 75' lang='lat' dir='ltr'>consimiles,</span> <span class='ocrx_word' id='word_1_267' title='bbox 2421 2523 2493 2565; x_wconf 87' lang='lat' dir='ltr'>hoc</span> <span class='ocrx_word' id='word_1_268' title='bbox 2518 2536 2596 2566; x_wconf 78' lang='lat' dir='ltr'>non</span> 
     </span>
     <span class='ocr_line' id='line_1_26' title="bbox 386 2575 1697 2631; baseline -0.005 -12"><span class='ocrx_word' id='word_1_269' title='bbox 386 2593 408 2619; x_wconf 83' lang='lat'><em>2</em></span> <span class='ocrx_word' id='word_1_270' title='bbox 440 2577 604 2631; x_wconf 77' lang='lat' dir='ltr'>Qidam</span> <span class='ocrx_word' id='word_1_271' title='bbox 641 2578 752 2617; x_wconf 83' lang='lat' dir='ltr'>etiarn</span> <span class='ocrx_word' id='word_1_272' title='bbox 782 2576 987 2628; x_wconf 69' lang='lat' dir='ltr'>Marianus,</span> <span class='ocrx_word' id='word_1_273' title='bbox 1025 2575 1245 2628; x_wconf 83' lang='lat' dir='ltr'>imperatore</span> <span class='ocrx_word' id='word_1_274' title='bbox 1275 2575 1427 2615; x_wconf 87' lang='lat' dir='ltr'>Anasta·</span> <span class='ocrx_word' id='word_1_275' title='bbox 1499 2575 1697 2627; x_wconf 86' lang='lat' dir='ltr'>patiuntur.</span> 
     </span>
    </p>
   </div>
   <div class='ocr_carea' id='block_1_6' title="bbox 328 2627 2623 3441">
    <p class='ocr_par' dir='ltr' id='par_1_7' title="bbox 328 2627 2623 3441">
     <span class='ocr_line' id='line_1_27' title="bbox 329 2627 2269 2684; baseline -0.001 -13"><span class='ocrx_word' id='word_1_276' title='bbox 329 2632 395 2681; x_wconf 87' lang='lat' dir='ltr'>fio,</span> <span class='ocrx_word' id='word_1_277' title='bbox 416 2632 568 2672; x_wconf 84' lang='lat' dir='ltr'>traditur</span> <span class='ocrx_word' id='word_1_278' title='bbox 586 2644 609 2670; x_wconf 80' lang='lat' dir='ltr'>a</span> <span class='ocrx_word' id='word_1_279' title='bbox 626 2631 757 2680; x_wconf 86' lang='lat' dir='ltr'>Suida,</span> <span class='ocrx_word' id='word_1_280' title='bbox 774 2631 947 2678; x_wconf 70' lang='lat' dir='ltr'>Graeoem</span> <span class='ocrx_word' id='word_1_281' title='bbox 970 2630 1211 2682; x_wconf 78' lang='lat' dir='ltr'>metaphrasin</span> <span class='ocrx_word' id='word_1_282' title='bbox 1230 2629 1428 2670; x_wconf 84' lang='lat' dir='ltr'>Theocriti</span> <span class='ocrx_word' id='word_1_283' title='bbox 1558 2633 1587 2669; x_wconf 81' lang='lat'><em>8</em></span> <span class='ocrx_word' id='word_1_284' title='bbox 1612 2629 1693 2668; x_wconf 90' lang='lat' dir='ltr'>Ubi</span> <span class='ocrx_word' id='word_1_285' title='bbox 1711 2627 1806 2680; x_wconf 89' lang='lat' dir='ltr'>supr.</span> <span class='ocrx_word' id='word_1_286' title='bbox 1829 2638 1866 2668; x_wconf 91' lang='lat' dir='ltr'>et</span> <span class='ocrx_word' id='word_1_287' title='bbox 1885 2629 1976 2670; x_wconf 87' lang='lat' dir='ltr'>ibid.</span> <span class='ocrx_word' id='word_1_288' title='bbox 2007 2644 2047 2682; x_wconf 90' lang='lat' dir='ltr'>p.</span> <span class='ocrx_word' id='word_1_289' title='bbox 2063 2643 2103 2684; x_wconf 88' lang='lat'>4.</span> <span class='ocrx_word' id='word_1_290' title='bbox 2125 2642 2186 2682; x_wconf 81' lang='lat'>14.</span> <span class='ocrx_word' id='word_1_291' title='bbox 2204 2633 2269 2683; x_wconf 85' lang='lat'>98.</span> 
     </span>
     <span class='ocr_line' id='line_1_28' title="bbox 328 2683 2076 2739; baseline -0.001 -13"><span class='ocrx_word' id='word_1_292' title='bbox 328 2686 564 2739; x_wconf 78' lang='lat' dir='ltr'>composuisse</span> <span class='ocrx_word' id='word_1_293' title='bbox 582 2685 853 2738; x_wconf 69' lang='lat' dir='ltr'>iambis3159.</span> <span class='ocrx_word' id='word_1_294' title='bbox 901 2686 946 2725; x_wconf 88' lang='lat' dir='ltr'>In</span> <span class='ocrx_word' id='word_1_295' title='bbox 965 2685 1019 2724; x_wconf 88' lang='lat' dir='ltr'>V.</span> <span class='ocrx_word' id='word_1_296' title='bbox 1038 2691 1309 2725; x_wconf 79' lang='grc' dir='ltr'><strong>ΜΑΡΙΑΝΟΣ.</strong></span> <span class='ocrx_word' id='word_1_297' title='bbox 1557 2697 1583 2737; x_wconf 89' lang='lat'>9</span> <span class='ocrx_word' id='word_1_298' title='bbox 1611 2683 1666 2723; x_wconf 91' lang='lat' dir='ltr'>V.</span> <span class='ocrx_word' id='word_1_299' title='bbox 1688 2689 2076 2726; x_wconf 76' lang='grc' dir='ltr'>ΔΙΕΚΡΑΝΩΣΑΤΕ.</span> 
     </span>
     <span class='ocr_line' id='line_1_29' title="bbox 393 2738 2582 2797; baseline 0.003 -18"><span class='ocrx_word' id='word_1_300' title='bbox 393 2755 412 2793; x_wconf 87' lang='lat'>3</span> <span class='ocrx_word' id='word_1_301' title='bbox 441 2740 586 2780; x_wconf 89' lang='lat' dir='ltr'>Fabric.</span> <span class='ocrx_word' id='word_1_302' title='bbox 609 2739 704 2780; x_wconf 87' lang='lat' dir='ltr'>Bibl.</span> <span class='ocrx_word' id='word_1_303' title='bbox 726 2741 800 2780; x_wconf 86' lang='lat' dir='ltr'>Gr·</span> <span class='ocrx_word' id='word_1_304' title='bbox 821 2738 1045 2781; x_wconf 84' lang='lat' dir='ltr'>Tom.V11.</span> <span class='ocrx_word' id='word_1_305' title='bbox 1073 2750 1188 2790; x_wconf 81' lang='lat' dir='ltr'>p.7t.</span> <span class='ocrx_word' id='word_1_306' title='bbox 1563 2750 1610 2776; x_wconf 88' lang='lat'>10</span> <span class='ocrx_word' id='word_1_307' title='bbox 1629 2738 1746 2777; x_wconf 87' lang='lat' dir='ltr'>VIII.</span> <span class='ocrx_word' id='word_1_308' title='bbox 1762 2750 1853 2789; x_wconf 79' lang='lat'>343.</span> <span class='ocrx_word' id='word_1_309' title='bbox 1881 2740 1927 2779; x_wconf 89' lang='lat' dir='ltr'>X.</span> <span class='ocrx_word' id='word_1_310' title='bbox 1946 2751 2041 2792; x_wconf 86' lang='lat'>414.</span> <span class='ocrx_word' id='word_1_311' title='bbox 2070 2739 2155 2780; x_wconf 84' lang='lat' dir='ltr'>Cas.</span> <span class='ocrx_word' id='word_1_312' title='bbox 2177 2741 2430 2783; x_wconf 88' lang='lat' dir='ltr'>Fabric.VII.</span> <span class='ocrx_word' id='word_1_313' title='bbox 2458 2757 2496 2795; x_wconf 88' lang='lat' dir='ltr'>p.</span> <span class='ocrx_word' id='word_1_314' title='bbox 2511 2746 2582 2797; x_wconf 69' lang='lat'>493</span> 
     </span>
     <span class='ocr_line' id='line_1_30' title="bbox 388 2791 2594 2850; baseline 0.001 -17"><span class='ocrx_word' id='word_1_315' title='bbox 388 2795 533 2845; x_wconf 89' lang='lat' dir='ltr'>41bid.</span> <span class='ocrx_word' id='word_1_316' title='bbox 563 2794 614 2833; x_wconf 92' lang='lat' dir='ltr'>Et</span> <span class='ocrx_word' id='word_1_317' title='bbox 632 2795 664 2833; x_wconf 92' lang='grc' dir='ltr'>Ι.</span> <span class='ocrx_word' id='word_1_318' title='bbox 693 2808 733 2846; x_wconf 89' lang='lat' dir='ltr'>p.</span> <span class='ocrx_word' id='word_1_319' title='bbox 746 2793 842 2846; x_wconf 89' lang='lat'>604.</span> <span class='ocrx_word' id='word_1_320' title='bbox 870 2794 929 2833; x_wconf 85' lang='lat'>1-1.</span> <span class='ocrx_word' id='word_1_321' title='bbox 954 2806 993 2845; x_wconf 89' lang='lat' dir='ltr'>p.</span> <span class='ocrx_word' id='word_1_322' title='bbox 1009 2805 1057 2844; x_wconf 87' lang='lat'>4¹</span> <span class='ocrx_word' id='word_1_323' title='bbox 1068 2791 1316 2845; x_wconf 80' lang='lat'>8.523.627.</span> <span class='ocrx_word' id='word_1_324' title='bbox 1334 2795 1428 2842; x_wconf 88' lang='lat'>482.</span> <span class='ocrx_word' id='word_1_325' title='bbox 1561 2804 1604 2832; x_wconf 86' lang='lat'>11</span> <span class='ocrx_word' id='word_1_326' title='bbox 1639 2792 1785 2833; x_wconf 86' lang='lat' dir='ltr'>Fabric.</span> <span class='ocrx_word' id='word_1_327' title='bbox 1808 2793 1921 2832; x_wconf 88' lang='lat' dir='ltr'>XIII.</span> <span class='ocrx_word' id='word_1_328' title='bbox 1941 2807 2006 2847; x_wconf 81' lang='lat'>55.</span> <span class='ocrx_word' id='word_1_329' title='bbox 2053 2794 2195 2834; x_wconf 84' lang='lat' dir='ltr'>Confer</span> <span class='ocrx_word' id='word_1_330' title='bbox 2215 2795 2391 2844; x_wconf 88' lang='lat' dir='ltr'>eundem,</span> <span class='ocrx_word' id='word_1_331' title='bbox 2420 2797 2477 2838; x_wconf 84' lang='lat'>11.</span> <span class='ocrx_word' id='word_1_332' title='bbox 2499 2799 2594 2850; x_wconf 87' lang='lat'>629.</span> 
     </span>
     <span class='ocr_line' id='line_1_31' title="bbox 330 2846 2596 2902; baseline 0.001 -13"><span class='ocrx_word' id='word_1_333' title='bbox 330 2850 447 2890; x_wconf 85' lang='lat' dir='ltr'>XIII.</span> <span class='ocrx_word' id='word_1_334' title='bbox 471 2850 562 2902; x_wconf 83' lang='lat'>588.</span> <span class='ocrx_word' id='word_1_335' title='bbox 609 2848 711 2888; x_wconf 88' lang='lat' dir='ltr'>Vide</span> <span class='ocrx_word' id='word_1_336' title='bbox 735 2858 774 2888; x_wconf 86' lang='lat' dir='ltr'>et</span> <span class='ocrx_word' id='word_1_337' title='bbox 802 2847 1021 2900; x_wconf 79' lang='lat' dir='ltr'>Etymolog.</span> <span class='ocrx_word' id='word_1_338' title='bbox 1040 2847 1173 2895; x_wconf 80' lang='lat' dir='ltr'>Magn.</span> <span class='ocrx_word' id='word_1_339' title='bbox 1193 2847 1245 2886; x_wconf 91' lang='lat' dir='ltr'>V.</span> <span class='ocrx_word' id='word_1_340' title='bbox 1281 2854 1429 2886; x_wconf 77' lang='grc' dir='ltr'>ΑΣΤΥ-</span> <span class='ocrx_word' id='word_1_341' title='bbox 1503 2846 1680 2886; x_wconf 87' lang='lat' dir='ltr'>Medicus</span> <span class='ocrx_word' id='word_1_342' title='bbox 1699 2856 1797 2885; x_wconf 80' lang='lat' dir='ltr'>certe</span> <span class='ocrx_word' id='word_1_343' title='bbox 1815 2857 1890 2886; x_wconf 89' lang='lat' dir='ltr'>erat</span> <span class='ocrx_word' id='word_1_344' title='bbox 1909 2849 1981 2888; x_wconf 91' lang='lat' dir='ltr'>hoc</span> <span class='ocrx_word' id='word_1_345' title='bbox 2000 2850 2151 2889; x_wconf 89' lang='lat' dir='ltr'>nomine</span> <span class='ocrx_word' id='word_1_346' title='bbox 2169 2850 2299 2890; x_wconf 89' lang='lat' dir='ltr'>clarus.</span> <span class='ocrx_word' id='word_1_347' title='bbox 2340 2851 2449 2891; x_wconf 89' lang='lat' dir='ltr'>Alius</span> <span class='ocrx_word' id='word_1_348' title='bbox 2467 2852 2596 2892; x_wconf 73' lang='lat' dir='ltr'>Ascle-</span> 
     </span>
     <span class='ocr_line' id='line_1_32' title="bbox 333 2900 2596 2957; baseline 0.002 -14"><span class='ocrx_word' id='word_1_349' title='bbox 333 2911 445 2953; x_wconf 68' lang='lat' dir='ltr'>PON.</span> <span class='ocrx_word' id='word_1_350' title='bbox 489 2901 637 2955; x_wconf 62' lang='lat' dir='ltr'>Scripsit</span> <span class='ocrx_word' id='word_1_351' title='bbox 661 2912 699 2942; x_wconf 78' lang='lat' dir='ltr'>et</span> <span class='ocrx_word' id='word_1_352' title='bbox 718 2902 833 2943; x_wconf 90' lang='lat' dir='ltr'>Theo</span> <span class='ocrx_word' id='word_1_353' title='bbox 853 2901 1006 2954; x_wconf 72' lang='lat' dir='ltr'>quidam</span> <span class='ocrx_word' id='word_1_354' title='bbox 1033 2902 1072 2941; x_wconf 83' lang='lat' dir='ltr'>in</span> <span class='ocrx_word' id='word_1_355' title='bbox 1092 2902 1251 2940; x_wconf 80' lang='lat' dir='ltr'>Aratum</span> <span class='ocrx_word' id='word_1_356' title='bbox 1268 2900 1427 2946; x_wconf 79' lang='lat' dir='ltr'>scholia;</span> <span class='ocrx_word' id='word_1_357' title='bbox 1502 2900 1629 2952; x_wconf 79' lang='lat' dir='ltr'>piades</span> <span class='ocrx_word' id='word_1_358' title='bbox 1648 2901 1868 2951; x_wconf 83' lang='lat' dir='ltr'>Myrleanus</span> <span class='ocrx_word' id='word_1_359' title='bbox 1900 2912 2139 2952; x_wconf 89' lang='lat' dir='ltr'>memoratur,</span> <span class='ocrx_word' id='word_1_360' title='bbox 2167 2905 2233 2957; x_wconf 88' lang='lat' dir='ltr'>qui</span> <span class='ocrx_word' id='word_1_361' title='bbox 2253 2905 2348 2944; x_wconf 83' lang='lat' dir='ltr'>forte</span> <span class='ocrx_word' id='word_1_362' title='bbox 2376 2906 2478 2946; x_wconf 86' lang='lat' dir='ltr'>idern</span> <span class='ocrx_word' id='word_1_363' title='bbox 2507 2920 2596 2947; x_wconf 88' lang='lat' dir='ltr'>cum</span> 
     </span>
     <span class='ocr_line' id='line_1_33' title="bbox 332 2954 2595 3013; baseline 0.002 -15"><span class='ocrx_word' id='word_1_364' title='bbox 332 2957 396 2998; x_wconf 83' lang='lat' dir='ltr'>sed</span> <span class='ocrx_word' id='word_1_365' title='bbox 425 2970 471 2996; x_wconf 82' lang='lat' dir='ltr'>an</span> <span class='ocrx_word' id='word_1_366' title='bbox 498 2956 617 3003; x_wconf 89' lang='lat' dir='ltr'>idern,</span> <span class='ocrx_word' id='word_1_367' title='bbox 651 2956 797 2998; x_wconf 71' lang='lat' dir='ltr'>dubim</span> <span class='ocrx_word' id='word_1_368' title='bbox 826 2956 1030 3004; x_wconf 82' lang='lat' dir='ltr'>Fabricius,</span> <span class='ocrx_word' id='word_1_369' title='bbox 1066 2954 1159 2997; x_wconf 90' lang='lat' dir='ltr'>ibid.</span> <span class='ocrx_word' id='word_1_370' title='bbox 1179 2956 1254 2997; x_wconf 91' lang='lat' dir='ltr'>IV.</span> <span class='ocrx_word' id='word_1_371' title='bbox 1279 2969 1317 3007; x_wconf 90' lang='lat' dir='ltr'>p.</span> <span class='ocrx_word' id='word_1_372' title='bbox 1331 2967 1427 3008; x_wconf 82' lang='lat'><strong>45¹·</strong></span> <span class='ocrx_word' id='word_1_373' title='bbox 1502 2955 1640 3004; x_wconf 85' lang='lat' dir='ltr'>nostro,</span> <span class='ocrx_word' id='word_1_374' title='bbox 1659 2955 1880 3008; x_wconf 86' lang='lat' dir='ltr'>celebrisque</span> <span class='ocrx_word' id='word_1_375' title='bbox 1898 2958 2172 3006; x_wconf 83' lang='lat' dir='ltr'>grammaticus.</span> <span class='ocrx_word' id='word_1_376' title='bbox 2204 2958 2452 3002; x_wconf 89' lang='lat' dir='ltr'>Fabric.VII.</span> <span class='ocrx_word' id='word_1_377' title='bbox 2472 2975 2512 3013; x_wconf 86' lang='lat' dir='ltr'>p.</span> <span class='ocrx_word' id='word_1_378' title='bbox 2529 2965 2595 3013; x_wconf 85' lang='lat'>48.</span> 
     </span>
     <span class='ocr_line' id='line_1_34' title="bbox 333 3013 574 3053; baseline -0.012 0"><span class='ocrx_word' id='word_1_379' title='bbox 333 3013 390 3053; x_wconf 89' lang='lat'>11.</span> <span class='ocrx_word' id='word_1_380' title='bbox 449 3039 460 3051; x_wconf 94' lang='lat'>.</span> <span class='ocrx_word' id='word_1_381' title='bbox 539 3023 574 3050; x_wconf 82' lang='lat' dir='ltr'>r.</span> 
     </span>
     <span class='ocr_line' id='line_1_35' title="bbox 392 3021 2598 3119; baseline 0.003 -15"><span class='ocrx_word' id='word_1_382' title='bbox 392 3021 582 3116; x_wconf 57' lang='lat' dir='ltr'><strong>Spcggfer</strong></span> <span class='ocrx_word' id='word_1_383' title='bbox 601 3062 826 3112; x_wconf 79' lang='lat' dir='ltr'>Fabricium,</span> <span class='ocrx_word' id='word_1_384' title='bbox 846 3063 938 3104; x_wconf 84' lang='lat' dir='ltr'>ibid.</span> <span class='ocrx_word' id='word_1_385' title='bbox 958 3063 1076 3104; x_wconf 85' lang='lat' dir='ltr'>XIII.</span> <span class='ocrx_word' id='word_1_386' title='bbox 1100 3077 1140 3115; x_wconf 86' lang='lat' dir='ltr'>p.</span> <span class='ocrx_word' id='word_1_387' title='bbox 1159 3074 1256 3115; x_wconf 86' lang='lat'>434.</span> <span class='ocrx_word' id='word_1_388' title='bbox 1280 3063 1327 3104; x_wconf 88' lang='lat' dir='ltr'>F.</span> <span class='ocrx_word' id='word_1_389' title='bbox 1345 3062 1427 3102; x_wconf 87' lang='lat' dir='ltr'>Ur·</span> <span class='ocrx_word' id='word_1_390' title='bbox 1505 3021 1609 3102; x_wconf 45' lang='lat'>⁵4&#39;12</span> <span class='ocrx_word' id='word_1_391' title='bbox 1639 3063 1781 3103; x_wconf 89' lang='lat' dir='ltr'>Fabric.</span> <span class='ocrx_word' id='word_1_392' title='bbox 1819 3063 1912 3104; x_wconf 89' lang='lat' dir='ltr'>ibid.</span> <span class='ocrx_word' id='word_1_393' title='bbox 1970 3065 2113 3106; x_wconf 80' lang='lat' dir='ltr'>Confer</span> <span class='ocrx_word' id='word_1_394' title='bbox 2146 3074 2185 3106; x_wconf 86' lang='lat' dir='ltr'>et</span> <span class='ocrx_word' id='word_1_395' title='bbox 2213 3066 2388 3118; x_wconf 85' lang='lat' dir='ltr'>eundem,</span> <span class='ocrx_word' id='word_1_396' title='bbox 2419 3068 2536 3110; x_wconf 83' lang='lat' dir='ltr'>Tom.</span> <span class='ocrx_word' id='word_1_397' title='bbox 2557 3067 2598 3119; x_wconf 63' lang='lat' dir='ltr'>I}</span> 
     </span>
     <span class='ocr_line' id='line_1_36' title="bbox 338 3117 1768 3169; baseline -0.001 -11"><span class='ocrx_word' id='word_1_398' title='bbox 338 3120 472 3167; x_wconf 82' lang='lat' dir='ltr'>finum,</span> <span class='ocrx_word' id='word_1_399' title='bbox 511 3117 650 3166; x_wconf 79' lang='lat' dir='ltr'>Virgil.</span> <span class='ocrx_word' id='word_1_400' title='bbox 697 3117 820 3158; x_wconf 81' lang='lat' dir='ltr'>collat.</span> <span class='ocrx_word' id='word_1_401' title='bbox 861 3121 928 3156; x_wconf 70' lang='grc' dir='ltr'>ὅτε.</span> <span class='ocrx_word' id='word_1_402' title='bbox 970 3117 1060 3158; x_wconf 77' lang='lat' dir='ltr'>edit.</span> <span class='ocrx_word' id='word_1_403' title='bbox 1102 3117 1282 3158; x_wconf 85' lang='lat' dir='ltr'>Valcken.</span> <span class='ocrx_word' id='word_1_404' title='bbox 1326 3131 1365 3168; x_wconf 87' lang='lat' dir='ltr'>p.</span> <span class='ocrx_word' id='word_1_405' title='bbox 1386 3129 1425 3168; x_wconf 92' lang='lat'>9.</span> <span class='ocrx_word' id='word_1_406' title='bbox 1501 3130 1541 3168; x_wconf 83' lang='lat' dir='ltr'>p.</span> <span class='ocrx_word' id='word_1_407' title='bbox 1564 3129 1652 3168; x_wconf 85' lang='lat'>303.</span> <span class='ocrx_word' id='word_1_408' title='bbox 1673 3118 1768 3169; x_wconf 89' lang='lat'>689.</span> 
     </span>
     <span class='ocr_line' id='line_1_37' title="bbox 334 3169 2623 3223; baseline -0.001 -9"><span class='ocrx_word' id='word_1_409' title='bbox 334 3172 560 3214; x_wconf 72' lang='lat' dir='ltr'>Rhunkenii&#39;</span> <span class='ocrx_word' id='word_1_410' title='bbox 582 3171 726 3212; x_wconf 79' lang='lat' dir='ltr'>Praefat.</span> <span class='ocrx_word' id='word_1_411' title='bbox 763 3172 810 3211; x_wconf 75' lang='lat' dir='ltr'>ad</span> <span class='ocrx_word' id='word_1_412' title='bbox 843 3169 961 3212; x_wconf 66' lang='lat' dir='ltr'>Tom.</span> <span class='ocrx_word' id='word_1_413' title='bbox 977 3171 1031 3212; x_wconf 92' lang='lat'>11.</span> <span class='ocrx_word' id='word_1_414' title='bbox 1081 3171 1246 3222; x_wconf 90' lang='lat' dir='ltr'>Hesych.</span> <span class='ocrx_word' id='word_1_415' title='bbox 1278 3171 1425 3210; x_wconf 87' lang='lat' dir='ltr'>Albert.</span> <span class='ocrx_word' id='word_1_416' title='bbox 1561 3184 1607 3223; x_wconf 85' lang='lat'>¹3</span> <span class='ocrx_word' id='word_1_417' title='bbox 1637 3173 1683 3210; x_wconf 91' lang='lat' dir='ltr'>In</span> <span class='ocrx_word' id='word_1_418' title='bbox 1702 3171 1823 3211; x_wconf 89' lang='lat' dir='ltr'>Voce.</span> <span class='ocrx_word' id='word_1_419' title='bbox 2620 3210 2623 3212; x_wconf 88' lang='lat'>.</span> 
     </span>
     <span class='ocr_line' id='line_1_38' title="bbox 337 3226 2595 3280; baseline 0.002 -15"><span class='ocrx_word' id='word_1_420' title='bbox 337 3242 377 3280; x_wconf 85' lang='lat' dir='ltr'>p.</span> <span class='ocrx_word' id='word_1_421' title='bbox 390 3239 430 3280; x_wconf 87' lang='lat'>9.</span> <span class='ocrx_word' id='word_1_422' title='bbox 457 3226 711 3278; x_wconf 84' lang='lat' dir='ltr'>Etymologic.</span> <span class='ocrx_word' id='word_1_423' title='bbox 730 3226 923 3275; x_wconf 70' lang='lat' dir='ltr'>Mang.</span> <span class='ocrx_word' id='word_1_424' title='bbox 941 3232 1426 3266; x_wconf 72' lang='grc' dir='ltr'><strong>πΥεΛοΣ.ΑΚΜΗΝοΣ.</strong></span> <span class='ocrx_word' id='word_1_425' title='bbox 1563 3238 1612 3276; x_wconf 89' lang='lat'>¹4</span> <span class='ocrx_word' id='word_1_426' title='bbox 1639 3226 1854 3276; x_wconf 86' lang='lat' dir='ltr'>Etymolog.</span> <span class='ocrx_word' id='word_1_427' title='bbox 1874 3227 2008 3275; x_wconf 82' lang='lat' dir='ltr'>Magn.</span> <span class='ocrx_word' id='word_1_428' title='bbox 2025 3229 2078 3269; x_wconf 89' lang='lat' dir='ltr'>V.</span> <span class='ocrx_word' id='word_1_429' title='bbox 2104 3237 2332 3269; x_wconf 70' lang='grc' dir='ltr'>ΛΡΝΑΙΟΣ.</span> <span class='ocrx_word' id='word_1_430' title='bbox 2370 3229 2448 3268; x_wconf 85' lang='lat' dir='ltr'>Ubi</span> <span class='ocrx_word' id='word_1_431' title='bbox 2465 3227 2595 3269; x_wconf 74' lang='lat' dir='ltr'>lauda:</span> 
     </span>
     <span class='ocr_line' id='line_1_39' title="bbox 338 3279 2593 3332; baseline 0 -10"><span class='ocrx_word' id='word_1_432' title='bbox 338 3287 601 3322; x_wconf 76' lang='grc' dir='ltr'><strong>ΒΟΥΚΕΡΑΣ.</strong></span> <span class='ocrx_word' id='word_1_433' title='bbox 637 3280 762 3319; x_wconf 91' lang='lat' dir='ltr'>Schol.</span> <span class='ocrx_word' id='word_1_434' title='bbox 782 3281 821 3320; x_wconf 90' lang='lat' dir='ltr'>in</span> <span class='ocrx_word' id='word_1_435' title='bbox 841 3280 881 3319; x_wconf 92' lang='lat' dir='ltr'>N</span> <span class='ocrx_word' id='word_1_436' title='bbox 886 3279 947 3319; x_wconf 90' lang='lat' dir='ltr'>ub.</span> <span class='ocrx_word' id='word_1_437' title='bbox 968 3279 1202 3330; x_wconf 81' lang='lat' dir='ltr'>Aristophan.</span> <span class='ocrx_word' id='word_1_438' title='bbox 1231 3293 1270 3317; x_wconf 83' lang='lat' dir='ltr'>v.</span> <span class='ocrx_word' id='word_1_439' title='bbox 1289 3291 1383 3330; x_wconf 85' lang='lat'>397.</span> <span class='ocrx_word' id='word_1_440' title='bbox 1501 3286 1563 3316; x_wconf 87' lang='lat' dir='ltr'>tur</span> <span class='ocrx_word' id='word_1_441' title='bbox 1589 3280 1628 3316; x_wconf 90' lang='lat' dir='ltr'>in</span> <span class='ocrx_word' id='word_1_442' title='bbox 1645 3280 1886 3332; x_wconf 65' lang='grc' dir='ltr'>’Υπομνημςιτι</span> <span class='ocrx_word' id='word_1_443' title='bbox 1905 3280 2103 3326; x_wconf 57' lang='lat' dir='ltr'>ohan-mee.</span> <span class='ocrx_word' id='word_1_444' title='bbox 2151 3283 2249 3323; x_wconf 89' lang='lat' dir='ltr'>Vide</span> <span class='ocrx_word' id='word_1_445' title='bbox 2277 3294 2313 3322; x_wconf 89' lang='lat' dir='ltr'>et</span> <span class='ocrx_word' id='word_1_446' title='bbox 2333 3285 2593 3332; x_wconf 87' lang='lat' dir='ltr'>Ammonium,</span> 
     </span>
     <span class='ocr_line' id='line_1_40' title="bbox 394 3332 2594 3392; baseline 0.002 -19"><span class='ocrx_word' id='word_1_447' title='bbox 394 3334 420 3373; x_wconf 90' lang='lat'><strong>6</strong></span> <span class='ocrx_word' id='word_1_448' title='bbox 447 3335 492 3374; x_wconf 89' lang='lat' dir='ltr'>In</span> <span class='ocrx_word' id='word_1_449' title='bbox 510 3333 740 3374; x_wconf 81' lang='lat' dir='ltr'>Praefatione.</span> <span class='ocrx_word' id='word_1_450' title='bbox 781 3334 843 3374; x_wconf 92' lang='lat' dir='ltr'>De</span> <span class='ocrx_word' id='word_1_451' title='bbox 866 3347 941 3388; x_wconf 89' lang='lat' dir='ltr'>quo</span> <span class='ocrx_word' id='word_1_452' title='bbox 964 3333 1129 3386; x_wconf 81' lang='lat' dir='ltr'>pluribus</span> <span class='ocrx_word' id='word_1_453' title='bbox 1155 3346 1274 3385; x_wconf 88' lang='lat' dir='ltr'>nuper</span> <span class='ocrx_word' id='word_1_454' title='bbox 1293 3333 1429 3372; x_wconf 87' lang='lat' dir='ltr'>Rhun-</span> <span class='ocrx_word' id='word_1_455' title='bbox 1505 3332 1562 3372; x_wconf 89' lang='lat' dir='ltr'>V.</span> <span class='ocrx_word' id='word_1_456' title='bbox 1590 3334 1723 3376; x_wconf 57' lang='grc' dir='ltr'>’Δὶ-ΜΛ.</span> <span class='ocrx_word' id='word_1_457' title='bbox 1769 3335 1877 3377; x_wconf 87' lang='lat' dir='ltr'>Idem</span> <span class='ocrx_word' id='word_1_458' title='bbox 1901 3337 2124 3392; x_wconf 76' lang='lat' dir='ltr'>frequentius</span> <span class='ocrx_word' id='word_1_459' title='bbox 2154 3338 2314 3379; x_wconf 87' lang='lat' dir='ltr'>occurrit</span> <span class='ocrx_word' id='word_1_460' title='bbox 2343 3339 2383 3378; x_wconf 88' lang='lat' dir='ltr'>in</span> <span class='ocrx_word' id='word_1_461' title='bbox 2407 3339 2594 3378; x_wconf 83' lang='lat' dir='ltr'>Eustathio</span> 
     </span>
     <span class='ocr_line' id='line_1_41' title="bbox 340 3385 1798 3441; baseline -0.001 -11"><span class='ocrx_word' id='word_1_462' title='bbox 340 3389 484 3436; x_wconf 81' lang='lat' dir='ltr'>kenius,</span> <span class='ocrx_word' id='word_1_463' title='bbox 505 3388 782 3438; x_wconf 75' lang='lat' dir='ltr'>Valckenarius,</span> <span class='ocrx_word' id='word_1_464' title='bbox 809 3389 942 3441; x_wconf 87' lang='lat' dir='ltr'>aliique</span> <span class='ocrx_word' id='word_1_465' title='bbox 957 3387 1186 3428; x_wconf 84' lang='lat' dir='ltr'>celeberrimi</span> <span class='ocrx_word' id='word_1_466' title='bbox 1204 3387 1288 3426; x_wconf 89' lang='lat' dir='ltr'>viri.</span> <span class='ocrx_word' id='word_1_467' title='bbox 1504 3385 1552 3425; x_wconf 89' lang='lat' dir='ltr'>ad</span> <span class='ocrx_word' id='word_1_468' title='bbox 1569 3386 1798 3429; x_wconf 88' lang='lat' dir='ltr'>Homerum.</span> 
     </span>
    </p>
   </div>
   <div class='ocr_carea' id='block_1_7' title="bbox 397 3441 2595 3564">
    <p class='ocr_par' dir='ltr' id='par_1_8' title="bbox 397 3441 2595 3564">
     <span class='ocr_line' id='line_1_42' title="bbox 397 3441 1431 3498; baseline -0.001 -15"><span class='ocrx_word' id='word_1_469' title='bbox 397 3454 421 3495; x_wconf 89' lang='lat'>7</span> <span class='ocrx_word' id='word_1_470' title='bbox 449 3443 507 3483; x_wconf 88' lang='lat' dir='ltr'>Ita</span> <span class='ocrx_word' id='word_1_471' title='bbox 526 3451 564 3486; x_wconf 90' lang='lat' dir='ltr'>et</span> <span class='ocrx_word' id='word_1_472' title='bbox 581 3441 681 3487; x_wconf 67' lang='lat' dir='ltr'>docti</span> <span class='ocrx_word' id='word_1_473' title='bbox 698 3443 766 3484; x_wconf 84' lang='lat' dir='ltr'>viri</span> <span class='ocrx_word' id='word_1_474' title='bbox 782 3443 906 3497; x_wconf 84' lang='lat' dir='ltr'>passim</span> <span class='ocrx_word' id='word_1_475' title='bbox 925 3442 972 3485; x_wconf 90' lang='lat' dir='ltr'>de</span> <span class='ocrx_word' id='word_1_476' title='bbox 989 3441 1144 3498; x_wconf 69' lang='lat' dir='ltr'>scholiis</span> <span class='ocrx_word' id='word_1_477' title='bbox 1161 3441 1200 3482; x_wconf 85' lang='lat' dir='ltr'>in</span> <span class='ocrx_word' id='word_1_478' title='bbox 1219 3441 1431 3496; x_wconf 74' lang='lat' dir='ltr'>Aristopha-⁴</span> 
     </span>
     <span class='ocr_line' id='line_1_43' title="bbox 1606 3493 2595 3564; baseline 0.002 -16"><span class='ocrx_word' id='word_1_479' title='bbox 1606 3493 1638 3564; x_wconf 72' lang='lat' dir='ltr'>S</span> <span class='ocrx_word' id='word_1_480' title='bbox 1680 3510 1714 3548; x_wconf 86' lang='lat'><strong>2</strong></span> <span class='ocrx_word' id='word_1_481' title='bbox 2206 3508 2540 3553; x_wconf 69' lang='lat' dir='ltr'>AorMENoiz</span> <span class='ocrx_word' id='word_1_482' title='bbox 2559 3506 2595 3564; x_wconf 87' lang='lat'>¹,</span> 
     </span>
    </p>
   </div>
  </div>
 </body>
</html>
