2852 4004
962 301 1151 340 v1TA
1227 298 1697 339 TnnocR1T1.
2262 284 2333 338 liii

269 411 592 466 Macedoniae
625 412 815 485 primo,
844 422 1022 465 ‘morte
1050 412 1143 464 tali
1182 410 1461 465 muletatus
1494 410 1628 463 effet.
1696 411 1839 465 Nam
1877 431 2000 465 cum
2043 411 2201 466 altero
2240 430 2330 464 rex

267 492 420 543 oculo
457 508 665 553 careret,
702 493 940 546 licentius
966 493 1039 544 est
1071 495 1124 544 in
1150 492 1300 564 illurn
1330 491 1642 544 Theocritus
1667 493 1882 554 locutuS,
1924 507 1980 545 ut
2008 493 2179 546 scribit
2203 491 2328 544 Ma-

269 572 475 623 crobius
500 577 510 595 ¹
530 595 546 633 3
587 591 741 643 quare
768 574 821 624 in
859 574 990 644 regis
1026 572 1438 642 indignationem
1477 572 1631 623 cadit.
1695 574 1812 646 Qa
1840 592 1892 627 re
1920 573 2156 633 afflictuS,
2198 591 2331 644 quo-

268 649 390 703 dam
416 651 638 714 dicente,
675 665 732 705 ut
756 653 987 724 primuni
1014 666 1130 705 ante
1157 652 1286 722 regis
1311 651 1485 706 oculos
1512 651 1775 712 sisteretur,
1807 655 2006 705 veniam
2033 654 2182 705 illum
2206 672 2330 724 pro-

263 730 507 783 culdubio
531 729 944 793 consecuturum,
983 733 1121 793 illico
1159 731 1489 803 responderit,
1529 732 1639 784 Ideo
1672 734 1854 785 nullum
1870 734 1978 801 sibi
2012 734 2168 786 veniae
2184 735 2326 803 spem

269 811 504 873 relib'iam,
542 813 913 886 quandoquidem
946 815 1100 886 luscus
1127 832 1219 866 rex
1243 813 1396 865 oculos
1429 832 1521 866 non
1550 814 1716 885 utique
1742 814 1960 866 haberet.
2027 814 2095 866 Et
2122 813 2190 865 ob
2221 813 2325 867 hoc

267 891 469 943 dietum
494 894 648 945 morti
673 893 745 946 est
772 895 1106 966 adjudicatuS.
1174 892 1475 946 Plutarchus
1502 894 1653 965 paulo
1693 895 1835 947 aliter
1862 913 1968 946 rem
1996 895 2181 964 prodit,
2221 915 2328 958 πεφι

265 964 440 1022 nauehu
464 984 662 1040 Αγωγις.
723 974 936 1048 Nempe
965 975 1106 1046 quod
1133 974 1442 1046 Eutropioni
1467 991 1759 1044 coquorum
1783 974 1914 1044 regis
1948 974 2187 1044 magistro
2212 973 2328 1025 dix-

266 1049 395 1110 isset,
433 1051 540 1104 Scio
567 1053 695 1125 quod
719 1067 778 1107 tu
803 1076 874 1108 me
901 1055 1117 1127 Cyclopi
1142 1054 1344 1108 crudum
1369 1066 1574 1126 appones
1593 1076 1611 1106 .-
1652 1073 1827 1125 regem
1855 1053 2213 1125 perstringens,
2250 1055 2326 1105 al-

267 1143 378 1183 tero
404 1146 617 1204 captum
643 1127 826 1188 oculo:
868 1149 1021 1208 atque
1047 1137 1119 1188 ita
1143 1135 1419 1206 petulantis
1447 1135 1636 1206 linguae
1661 1153 1835 1206 poenas
1861 1135 2020 1187 dedit.
2070 1136 2179 1207 Ipsa
2204 1135 2328 1187 Ma·-

268 1212 433 1265 crobii
465 1214 619 1266 verba
655 1214 767 1268 haec
803 1216 936 1268 sunt.
1004 1217 1351 1287 “Antigonus
1391 1234 1479 1268 rex
1505 1215 1851 1268 Theocritum
1876 1214 2094 1276 Chium,
2135 1216 2197 1267 de
2224 1234 2328 1287 quo

257 1292 516 1362 juraverat
541 1295 682 1366 quod
711 1297 758 1347 ei
794 1298 1023 1368 parsurus
1049 1297 1185 1357 effet,
1225 1297 1434 1356 occidit,
1472 1310 1680 1367 propter
1705 1296 1933 1348 scomma
1960 1297 2024 1348 ab
2053 1298 2237 1349 eodem
2264 1297 2330 1348 de

248 1372 318 1431 'se
343 1373 559 1426 dietum.
623 1376 763 1431 Cum
787 1379 947 1438 enim,
974 1378 1114 1449 quas1
1141 1378 1450 1449 punienduS,
1491 1377 1552 1427 ad
1579 1376 1909 1447 Antigonum
1938 1388 2211 1447 raperetur,
2247 1376 2330 1427 so-

269 1449 494 1506 lantibus
529 1473 650 1507 eum
691 1458 868 1510 amicis
907 1472 957 1510 et
982 1458 1122 1530 spem
1162 1457 1541 1530 pollicentibus,
1582 1457 1723 1527 quod
1760 1457 2059 1509 omnimode
2099 1457 2328 1508 clemen-

259 1531 396 1584 -tiam
422 1533 555 1605 regis
581 1547 880 1608 experturus
907 1537 1026 1590 effet
1052 1556 1176 1590 cum
1203 1539 1265 1590 ad
1292 1538 1444 1591 oculos
1465 1537 1572 1607 ejus
1597 1536 1806 1589 veniffet
1827 1557 1840 1588 :
1881 1536 2150 1607 respondit,
2189 1541 2330 1608 Ergo

272 1612 582 1684 impqffi'bilem
606 1617 729 1670 mihi
749 1617 908 1671 dicitis
926 1620 1067 1690 spem
1084 1618 1286 1690 salutis.
1353 1619 1480 1670 Erat
1510 1631 1685 1669 autem
1714 1618 2008 1686 Antigonus
2043 1635 2145 1669 uno
2173 1617 2326 1670 orba-

266 1706 347 1747 tus
370 1694 537 1747 oculo.
600 1697 672 1749 Et
696 1698 995 1770 importuna
1023 1699 1282 1752 urbanitas
1310 1697 1623 1750 maledicum
1651 1698 1767 1750 luce
1793 1699 2062 1768 privavit.'’

339 1773 432 1828 XI.
474 1777 548 1827 At
571 1775 635 1828 de
661 1775 762 1830 hoc
789 1779 957 1831 nostro
978 1778 1272 1846 Theocrito·
1292 1778 1564 1850 SyracufiO,
1605 1797 1768 1849 neque
1799 1778 1927 1830 ullus
1956 1795 2186 1850 unquam
2213 1776 2330 1828 ido-

264 1872 393 1907 neus
418 1854 602 1908 author
637 1859 948 1912 maledicum
975 1860 1124 1920 dixit,
1165 1879 1333 1932 neque
1363 1860 1516 1929 genio
1550 1859 1744 1911 finistro
1773 1872 2034 1919 utentem;
2085 1872 2135 1910 at
2174 1857 2331 1909 urba·

208 1943 209 1946 ’
265 1949 473 1991 num-et
509 1938 752 2008 probum,
793 1952 844 1991 et
871 1941 922 1992 in
952 1941 1041 1993 suo
1075 1959 1263 2011 genere
1295 1940 1446 1992 facile
1484 1941 1787 2012 principem,
1827 1940 2105 2009 agnoscunt
2131 1957 2328 1991 omnes·

266 2020 392 2075 Hoc
419 2031 592 2071 autem
625 2020 687 2071 ad
727 2020 863 2072 illius
901 2021 1241 2094 praestantiam
1286 2021 1610 2074 astruendam
1654 2034 2019 2092 argumentum
2058 2018 2347 2079 suffecerit,

265 2100 405 2172 quod
430 2113 481 2151 et
507 2102 745 2153 omnium
775 2102 1130 2156 bucolicorum
1170 2115 1440 2174 poetarum
1468 2104 1665 2174 primus
1704 2104 1763 2155 fit
1795 2103 1989 2173 semper
2022 2100 2226 2153 habitus
2265 2101 2330 2153 ab

265 2181 488 2252 antiquis
513 2181 736 2233 criticis:
792 2195 844 2234 et
869 2184 1008 2254 quod
1035 2184 1275 2255 Virgilio,
1315 2185 1554 2236 omnium
1579 2184 1885 2237 Latinorum
1919 2182 2158 2255 principi,
2199 2199 2330 2252 prae-

266 2264 419 2335 cipue
455 2261 723 2332 placuerit,
765 2276 823 2315 ut
862 2282 926 2315 ex
963 2265 1102 2316 illius
1141 2276 1390 2337 perpetua
1432 2265 1725 2318 imitatione
1762 2264 1994 2318 constat:
2051 2263 2191 2333 quod
2234 2280 2329 2314 nec

265 2343 370 2415 ipse
407 2340 661 2395 diffitetur
679 2347 716 2394 ².
794 2343 879 2397 De
922 2363 1024 2416 qua
1066 2347 1225 2397 etiam
1276 2364 1329 2397 re
1371 2343 1671 2398 Macrobius
1694 2351 1726 2397 ³.
1800 2345 2199 2396 “Dicturumne
2244 2361 2331 2395 me

265 2422 463 2496 putatis·
500 2439 560 2472 ea
593 2440 708 2492 quae
747 2423 900 2495 vulgo
932 2437 1056 2477 nota
1094 2425 1251 2477 sunt?
1317 2425 1476 2495 Qd
1502 2425 1844 2477 Theocritum
1879 2426 1971 2478 fibi
2004 2425 2180 2478 fecerit
2207 2425 2329 2477 Vir-

263 2504 435 2576 gilius,
494 2502 763 2555 Pastoralis
808 2505 972 2576 operis
1023 2508 1303 2565 auctorem,
1349 2507 1554 2558 Ruralis
1598 2507 1922 2559 Hefiodum?
1987 2507 2057 2558 Et
2097 2506 2237 2576 quod
2276 2507 2350 2557 in-

264 2585 380 2657 ipfis
416 2581 685 2652 Georgicis
731 2585 1066 2655 tempestatis
1093 2585 1468 2657 serenitatisque
1507 2586 1646 2656 figna
1689 2586 1750 2637 de
1784 2587 1934 2639 Arati
1972 2585 2328 2638 Phaenomenis

266 2663 516 2719 traxerit.³
536 2662 594 2712 ?''
666 2662 905 2716 Infinitus
959 2666 1132 2727 essem,
1189 2666 1225 2718 fi
1268 2665 1356 2717 hic
1403 2667 1638 2736 exempla
1680 2666 1975 2735 hujusmodi
2026 2665 2328 2737 proferrem.

266 2745 382 2799 Nec
410 2758 582 2796 tamen
615 2742 833 2814 Virgilio
871 2746 1025 2799 debet
1052 2746 1146 2799 effe
1172 2746 1424 2806 dedecori,
1464 2748 1600 2817 quod
1630 2747 1819 2818 priores
1845 2759 2021 2817 poetas
2050 2745 2142 2798 fibi
2166 2745 2331 2798 felici-

249 2820 345 2881 *ter
382 2823 657 2878 imitandos
695 2827 1011 2896 proposuerit
1022 2850 1039 2887 ς
1080 2845 1175 2880 nec
1201 2827 1499 2886 Theocrito,
1541 2828 1633 2897 qui
1673 2840 1723 2878 et
1747 2826 2040 2879 Homerum
2069 2828 2123 2879 in
2150 2827 2329 2879 multis

268 2926 410 2980 aeque
446 2904 662 2958 feliciter
702 2905 954 2960 imitatur.
1019 2908 1405 2961 Anacreontem
1445 2909 1620 2968 etiam,
1662 2907 1715 2958 in
1760 2904 2036 2978 Κηριοκλενέὶῃ
2075 2922 2200 2977 Epora
2221 2931 2234 2966 ς
2277 2918 2346 2958 ετ

267 2987 593 3060 Sop‘hronem
632 2985 1073 3058 mimographum,
1113 2988 1167 3039 in
1192 2988 1640 3041 pharmaceutria:
1682 2987 1821 3058 quod
1861 2986 2067 3040 testatur
2103 2987 2330 3057 ejusdem

267 3068 443 3140 Idyllii
468 3069 871 3137 Argumentum.
934 3068 1043 3121 Ubi
1080 3067 1214 3120 male
1256 3069 1383 3138 legit
1418 3068 1646 3119 Pierius⁴
1682 3075 1933 3138 Ευφοριωνος
1973 3085 2065 3137 pro
2097 3075 2327 3137 Σωφρονος.
2388 3122 2391 3123 ⁷

270 3150 587 3220 Qanquam
624 3158 676 3200 et
702 3147 913 3200 Tullius
955 3148 1250 3202 meminerit
1288 3147 1639 3223 Euphorionis
1679 3148 1939 3218 cujusdam
1986 3147 2329 3200 Chalcidensis

327 3291 343 3318 ι
378 3277 553 3316 Saturnal.
575 3276 738 3316 Lib.vii.
767 3291 805 3328 p.
821 3289 911 3329 497.
1341 3278 1466 3327 Parin]

325 3345 348 3375 π
378 3331 507 3378 Eclog.
522 3331 574 3369 vi.
598 3343 632 3369 1.
651 3343 687 3372 2·
1395 3347 1421 3384 4
1449 3331 1617 3381 Hierogl.
1649 3331 1731 3371 Lib.
1749 3345 1834 3372 xxx.
1863 3332 1927 3371 fol.
1946 3330 2035 3370 216.
2063 3330 2116 3374 A,

331 3398 351 3439 3
382 3384 585 3447 [Saturnal-
633 3384 679 3427 L.
699 3398 740 3426 v.
786 3396 868 3438 pag.
892 3397 982 3437 373.
1029 3386 1117 3425 edit.
1144 3388 1255 3438 ¹535·

1456 3456 1489 3490 O
2187 3446 2344 3506 pOCtae
