2852 4004
871 264 933 322 N
970 266 1022 323 Ο
1059 266 1114 322 T
1146 265 1234 323 AE.
1345 267 1475 325 XV.
1518 287 1606 344 30.
1652 288 1734 346 32.
2250 293 2352 349 ¹73

250 368 590 425 commodum
613 368 929 433 transferret,
952 370 1041 424 ubi
1065 370 1270 424 mollius
1294 371 1549 427 cubatent.
1616 374 1710 426 Sed
1745 375 1882 428 malo
1907 384 1963 429 ut
1988 375 2062 439 fit,
2102 376 2249 429 Move
2286 389 2348 429 te.

250 440 373 495 vid.
401 444 673 518 Busbequii
700 443 860 517 Epist.
890 445 989 501 111.
1018 463 1069 517 3.
1133 445 1218 498 De
1241 444 1422 500 felibus
1449 447 1582 518 apud
1610 448 1804 501 Turcas
1832 451 1978 502 multi
2004 450 2198 503 habitis.

327 517 396 570 V.
413 535 501 589 30.
526 535 652 570 —A
679 514 727 571 δ’
745 519 804 576 ὡς
828 541 972 590 νώμα.
989 519 1088 592 -—-]
1131 529 1169 553 “
1189 520 1332 582 Ecce,
1369 538 1509 592 quam
1534 520 1802 590 inscienter,
1836 540 1974 594 quam
1999 523 2182 592 rustice,
2221 525 2346 578 Haec

250 593 596 660 aquamfert.’'
642 591 784 648 Dicit
810 591 918 648 haec
942 591 1213 655 Praxinoe,
1239 594 1538 648 mirabunda
1563 607 1615 647 et
1634 596 2078 660 stomachabunda,
2107 600 2166 650 ad
2193 598 2345 651 semet

160 671 166 675 '
248 677 334 716 aut
361 666 423 717 ad
449 666 765 738 Gorgonem.
969 677 1006 703 “
1022 669 1099 721 At-
1128 667 1291 738 praebe
1313 680 1470 721 tamen
1505 666 1799 723 nihilominus
1831 689 2002 744 aquam
2037 683 2082 722 et
2122 672 2338 741 irgfunde,

242 740 459 808 quamvis
483 740 668 813 illepide
691 752 738 795 et
763 739 1081 798 illiberaliter.
1150 742 1199 795 Ο
1222 753 1270 795 te
1291 741 1626 814 importunam,
1663 763 1768 816 quae
1796 744 1919 815 satis
1946 763 2033 799 non
2060 756 2223 815 putas,
2258 747 2351 815 nisi

241 822 390 865 totum
412 814 683 887 aquiminal
713 814 986 889 irfitderis!
1049 815 1250 876 Territa
1283 816 1549 871 hieminis
1590 820 1768 872 ancilla
1806 819 2016 872 ceffabat
2041 837 2224 890 aquam
2258 820 2339 871 in-

243 884 503 943 funderc.”
559 890 695 960 Qid
721 889 854 1005 εεζαε
872 889 899 943 ,ἕ
960 891 1061 943 Cur
1086 908 1173 943 non
1199 889 1414 960 iqfundis
1429 891 1456 943 ,ἕ
1518 891 1740 961 Irffunde,
1778 894 2004 965 improba,
2043 892 2160 964 quid
2176 893 2340 963 vestem

238 958 359 1012 mihi
391 963 811 1036 commadefacis.”
873 965 1077 1022 Locum
1114 963 1268 1028 hune,
1302 965 1376 1024 ‘in
1420 966 1589 1038 paucis
1629 967 1857 1038 lepidum
1893 981 1942 1019 et
1982 967 2179 1028 salsum,
2233 967 2335 1020 dis-

243 1033 368 1088 tinxi
392 1038 737 1092 convenienter
750 1063 771 1104 ;
811 1056 876 1094 cx
899 1056 1023 1111 qun,
1060 1056 1166 1095 non
1191 1056 1370 1112 parum
1398 1039 1751 1113 perspicuitatis
1774 1042 1836 1095 ad
1861 1059 1980 1094 eum
2005 1042 2219 1095 accedet.

462 1140 513 1194 ‘A
539 1136 587 1196 δ’
605 1143 664 1200 ὡς
690 1164 820 1212 [κοιμῶ
846 1138 975 1218 φερῌ
1019 1136 1245 1213 δὶς-ὅμως
1286 1165 1350 1214 μη
1373 1155 1514 1202 mm,
1551 1155 1748 1205 οιπληςτ.

462 1214 594 1287 Εγχᾷ
616 1211 739 1291 fialam.
784 1212 948 1279 ὃυςκνε,
984 1240 1026 1271 τι
1051 1238 1136 1287 μευ
1159 1239 1203 1268 π
1220 1239 1410 1287 gii-witam*
1434 1212 1603 1296 caedens-5
1637 1234 1640 1238 ’
1960 1218 2257 1271 REISKIUS.

314 1315 446 1371 Vide
485 1319 672 1374 docffiff.
706 1310 1001 1378 Gisbertum
1047 1323 1214 1384 Koen,
1267 1320 1330 1377 ad
1365 1321 1580 1391 Gregor.
1618 1320 1740 1380 Cor.
1789 1338 1840 1392 p.
1874 1336 1989 1390 149.
2043 1322 2093 1390 ᾗ.
2119 1336 2326 1372 cxxxv,

239 1389 368 1444 Vult
405 1393 489 1445 ille
522 1417 649 1467 νωμοι
683 1394 778 1447 effe
807 1395 1004 1468 stamen.
1078 1397 1154 1448 Ut
1191 1396 1249 1448 fit
1286 1395 1446 1448 sensus
1471 1392 1636 1447 verfic.
1660 1395 1748 1448 28.
1814 1395 2055 1447 “Stamen
2095 1411 2124 1446 e
2162 1392 2331 1447 medio

234 1465 353 1517 tolle
368 1492 385 1530 3
437 1486 498 1520 ne
521 1469 639 1521 feles
662 1469 788 1522 lanae
810 1469 935 1523 molli
964 1469 1249 1529 incubent.’'
1311 1470 1566 1527 Caeterum
1585 1523 1588 1525 Α
1610 1468 1892 1533 referendus
1928 1467 2030 1519 huc
2054 1468 2324 1530 Lucianu5‚

129 1581 133 1585 .
234 1537 373 1593 Dial.
409 1541 663 1601 Meretric.
688 1543 870 1596 Wetst,
896 1543 990 1597 III.
1041 1543 1177 1598 Dial.
1201 1545 1250 1599 6.
1301 1561 1411 1617 pag.
1435 1559 1502 1614 29
1510 1561 1559 1616 5.
1620 1542 1786 1605 Mater
1821 1541 1953 1594 filiae.
2008 1558 2094 1594 va
2116 1538 2325 1597 ὃάιπιθι

230 1625 594 1677 ΛΟΥΣΟΜΕΝΗ,
621 1640 656 1670 et
679 1625 880 1687 ωφικςιτο
903 1640 984 1684 καις
1006 1639 1177 1697 τημεςον
1200 1641 1243 1671 π
1263 1639 1485 1694 phasganion
1509 1621 1529 1670 ὁ
1556 1633 1768 1690 Ευκμτος,
1790 1618 2018 1689 ὁπιχνειτο
2041 1639 2136 1694 9⁰⁶3·
2176 1617 2327 1675 Nunc

232 1705 349 1742 vero
383 1689 547 1744 lotum
588 1692 692 1755 abi,
707 1692 775 1762 st·
784 1690 926 1759 forte
963 1692 1092 1745 hodie
1114 1711 1282 1765 quoque
1306 1691 1495 1746 venerit
1525 1690 1874 1762 adolescentulus
1896 1691 2128 1744 Eucritus
2143 1709 2161 1741 .·
2200 1702 2325 1746 certa

126 1827 128 1829 ‚
220 1762 448 1837 promrss't.
514 1767 576 1819 In
602 1765 788 1838 primis
820 1766 1076 1831 curabant,
1127 1768 1254 1821 inter
1289 1778 1525 1820 caeterum
1571 1766 1790 1837 corporis
1832 1764 2046 1826 cultum,
2098 1763 2321 1821 foeminae.

230 1835 439 1901 Graeeae,
479 1838 725 1911 siquando
747 1841 826 1893 vel
849 1841 1056 1905 exirent,
1096 1841 1174 1894 vel
1198 1853 1476 1894 amatorem
1501 1840 1843 1912 expectabant,
1884 1850 1939 1891 ut
1965 1854 2109 1894 BENE
2145 1854 2318 1894 LoTAE

227 1909 392 1966 essent.
435 1913 619 1967 'Aliter
645 1914 733 1967 fibi
758 1933 938 1991 parum
963 1915 1223 1968 concinnae
1247 1915 1538 1968 videbantur
1563 1925 1614 1966 et
1637 1925 1871 1985 comptae.

237 1998 242 2002 '
301 1985 372 2040 V.
395 2004 471 2063 31.
491 2018 565 2031 ——
584 2004 778 2042 Χιτωνιον
801 1984 982 2068 credine]
1023 1990 1198 2043 Habet
1221 1991 1373 2041 etiam
1399 1987 1645 2043 Praxinoe
1685 1987 1849 2042 nostra
1873 2007 2129 2056 αμπεχονον.
2183 1982 2315 2055 supr.

221 2077 269 2111 v.
287 2075 361 2114 21.
401 2060 535 2136 Qae
550 2063 704 2116 vestes
728 2064 856 2118 inter
871 2063 917 2116 se
935 2063 1305 2139 distinguuntur
1324 2063 1456 2134 apud
1478 2062 1800 2121 Athenaeum.
1821 2061 1967 2114 XIII.
1982 2062 2105 2135 589.
2152 2073 2312 2126 Λνωμ-

224 2146 401 2199 mxcv&
423 2158 519 2208 pap,
543 2159 620 2201 κα]
642 2160 877 2208 pamma-cuv
891 2140 950 2200 nr.
983 2138 1234 2211 Loquitur
1259 2139 1321 2192 de
1345 2137 1542 2189 Meliffa
1567 2136 1811 2208 Epidauri
1830 2135 2016 2188 Proclis
2036 2134 2155 2189 filia.
2197 2132 2314 2185 C'ae-

221 2218 387 2261 terum
412 2211 608 2263 videant
633 2212 703 2264 rei
729 2211 959 2271 vestiariae
983 2213 1283 2266 Graecanicae
1309 2210 1468 2284 periti.
1527 2212 1635 2282 Qi
1659 2223 1708 2263 et
1736 2210 1928 2271 adeant,
1967 2225 2170 2269 monce,
2209 2205 2311 2288 ᾼΙ-

219 2281 537 2358 ciphronem,
565 2285 726 2358 Epist.
745 2287 844 2346 111.
872 2287 990 2340 lviii.
1018 2305 1130 2359 pag.
1149 2304 1266 2362 417.
1304 2285 1422 2339 edit.
1448 2285 1666 2356 Bergler.
1724 2282 1916 2337 Confer
1940 2295 1988 2335 et
2013 2278 2311 2353 elegantiffi-

216 2373 368 2410 mum
393 2357 701 2431 Berglerurn,
738 2362 799 2413 ad
826 2361 988 2434 Epist.
1018 2362 1056 2414 I.
1086 2378 1160 2432 31.
1194 2379 1302 2433 pag.
1326 2377 1442 2433 130.
1500 2360 1585 2412 De
1610 2359 1812 2430 Phryne
1848 2355 2087 2423 χῖἶωνισιων
2122 2355 2307 2410 dilace-

218 2442 401 2502 ratum,
441 2434 744 2509 papillasque
769 2435 876 2488 suas
900 2436 1070 2508 palam
1094 2437 1362 2508 prolatura,
1400 2452 1504 2506 quo
1520 2434 1752 2505 judicum
1780 2432 1998 2486 flecteret
2023 2432 2230 2486 animOS.

232 2522 239 2529 ·
292 2506 361 2558 V.
381 2523 467 2579 32.
501 2522 695 2572 navo-aq,
732 2510 858 2584 δῖα]
902 2519 938 2543 “
959 2509 1145 2562 Define
1166 2510 1310 2581 jam:
1350 2509 1451 2569 En,
1487 2508 1587 2560 lota
1612 2526 1749 2560 nunc
1773 2507 1902 2570 sum,
1944 2518 2000 2558 ut
2027 2506 2120 2559 diis
2145 2504 2307 2561 visum

215 2578 305 2645 est,
343 2579 410 2633 fic
435 2581 575 2636 satis:
621 2583 747 2636 Non
782 2596 839 2637 ut
865 2583 1044 2638 vellem
1080 2584 1316 2656 equidem
1333 2609 1349 2646 ;
1399 2582 1479 2634 sed
1517 2595 1768 2653 quantum
1807 2582 1946 2633 licuit
1984 2598 2076 2651 per
2115 2578 2304 2633 ancillae

215 2652 535 2731 imperitiam,
571 2658 702 2710 &0.”
764 2657 1158 2734 Exquisitiflima
1182 2657 1390 2729 quidem
1416 2657 1606 2729 pictura
1632 2656 1956 2718 mulierculae‚
1996 2652 2082 2708 vix
2105 2653 2153 2706 se
2176 2669 2303 2706 con-

212 2728 414 2785 tinentis
439 2731 502 2782 ab
527 2731 874 2805 propinquum
906 2734 1015 2805 jam
1041 2732 1398 2805 spectaculum,
1440 2731 1525 2782 ubi
1553 2730 1764 2802 {pestate
1804 2728 1948 2802 poflit
1980 2740 2029 2781 et
2061 2726 2294 2800 spestari3

214 2801 428 2875 ideoque
451 2804 514 2856 de
539 2803 681 2858 c'ultu
716 2819 766 2859 et
791 2808 968 2861 ornatu
1007 2806 1246 2880 corpori8‚
1286 2807 1399 2877 plus
1432 2804 1592 2866 solite,
1630 2803 1878 2856 sollicitae:
1929 2803 2042 2855 dein
2067 2801 2265 2855 delicias

209 2891 363 2937 novas
401 2877 690 2943 affectantis,
729 2898 962 2953 novoque
1004 2880 1131 2935 fastu
1167 2879 1453 2932 lascivientis
1469 2903 1486 2941 5
1533 2878 1766 2931 ancillam
1792 2878 1933 2930 suam
1974 2876 2074 2929 fine
2105 2876 2297 2929 ratione

210 2949 474 3023 cbipantiS,
527 2954 700 3007 omnia
743 2955 928 3018 leviter,
940 2996 945 3004 2
977 2953 1327 3015 inconstanter,
1383 2963 1681 3023 arroganter,
1736 2951 2038 3014 festinanter,
2084 2953 2292 3023 agentis·

209 3020 325 3078 Nec
363 3028 548 3083 cedunt
584 3028 670 3086 illa
693 3047 806 3100 quae
845 3030 1010 3082 statim
1044 3028 1350 3100 sequuntur-3
1400 3025 1486 3077 ubi
1519 3026 1751 3078 mulieres
1785 3025 1919 3078 inter.
1936 3025 1985 3078 sc
2010 3025 2294 3079 sermonem

207 3099 348 3151 vaide
372 3101 494 3155 serio
531 3102 814 3166 conferunt,
852 3097 916 3155 de
941 3103 1101 3175 pretio
1126 3101 1268 3154 vestis
1293 3099 1529 3153 fibulatae.
1596 3098 1974 3152 Observandum
2001 3099 2182 3154 interea
2206 3098 2292 3153 su-

207 3171 299 3235 bit,
324 3173 415 3228 has
440 3192 595 3250 nugas
619 3176 714 3229 effe
738 3189 789 3230 et
813 3177 954 3230 fuiss'e
981 3177 1218 3237 omnium
1243 3188 1533 3246 temporum
1557 3185 1607 3227 et
1632 3174 1893 3235 locorum3
1933 3173 2056 3243 quin
2083 3185 2132 3225 et
2156 3173 2291 3225 hanc

203 3244 476 3319 imaginem
515 3250 738 3306 foeminae
765 3251 1091 3323 Syracusanae,
1127 3249 1268 3302 cultu
1293 3246 1511 3318 corporis
1551 3246 1663 3318 plus
1694 3245 1802 3298 satis
1833 3248 2104 3316 occupatae,
2145 3246 2288 3299 annis

203 3319 306 3381 fere
333 3323 406 3374 bis
429 3323 568 3378 mille
589 3323 772 3378 abhinc
794 3324 1003 3387 factam,
1039 3323 1255 3377 eandem
1273 3320 1365 3374 effe
1390 3317 1566 3393 ipsam,
1605 3338 1760 3392 quam
1788 3321 1858 3373 ad
1877 3319 2178 3374 hodiernum
2202 3321 2285 3374 us-

203 3410 304 3464 que
329 3397 463 3450 diem
487 3397 631 3453 toties
654 3399 903 3457 cernimus
920 3399 979 3457 in
1002 3395 1267 3454 comoediis
1289 3393 1481 3449 nostris.

1344 3543 1397 3596 X
1422 3560 1459 3594 x
2151 3537 2280 3589 Ibid.
