2852 4004
547 334 655 386 224
1099 316 1157 370 N
1196 317 1245 369 Ο
1284 316 1335 368 Τ
1368 315 1454 367 AE.
1565 312 1803 366 XVIII.
1852 327 1932 364 10.
1978 310 2061 363 26.

543 412 728 465 Nostra
753 411 899 463 leecio
923 411 992 463 est
1018 411 1066 462 in
1095 413 1317 483 optimis.
1372 412 1489 462 Vid.
1516 412 1663 480 Idyll.
1687 411 1805 462 XV.
1834 424 1924 479 77.
1964 408 2030 459 V.
2054 403 2341 474 ἀποκλοιξαις.
2403 407 2493 459 Est
2518 425 2610 479 pro

545 485 804 536 communi
838 497 1176 537 :carenam-aro.
1239 486 1387 538 Forte
1422 484 1678 535 solenniter
1704 483 1922 534 adhiberi
1958 480 2205 538 consuevit
2231 482 2294 532 de
2332 479 2500 551 sponsa
2530 481 2610 532 in-

542 557 778 619 cludenda,
814 561 958 609 nocte
986 560 1285 628 nuptiarum.
1350 556 1516 622 Affert
1540 557 1846 619 doc‘tiffimus
1874 554 2127 606 Dorvilius
2159 565 2465 607 κατεκλινοιτο.
2522 553 2610 605 Ad

541 630 797 681 Chariton.
838 649 944 700 pag.
968 648 1079 698 124.
1142 631 1313 683 Puella
1345 643 1642 689 uaeroenAam
1679 629 1953 698 explicatur
1988 626 2121 696 apud
2145 624 2325 677 Wolfii
2351 624 2606 698 Sapphon.

542 721 657 772 pag.
679 705 765 770 46.
830 704 960 755 Vide
998 717 1045 754 et
1083 721 1195 774 pag.
1219 721 1338 771 242.
1406 704 1474 754 Et
1509 700 1709 754 Salmas.
1753 702 1812 751 ad
1847 699 2065 752 Tertull.
2106 697 2167 749 de
2199 697 2370 750 Pallio,
2413 717 2464 770 p.
2490 716 2607 774 177.

542 775 728 827 Confer
757 774 1052 827 Callimach.
1079 776 1272 828 Ernest.
1300 778 1343 828 I.
1371 775 1493 840 416.
2504 817 2510 822 ,

530 875 533 878 ·
615 848 682 900 V.
714 866 789 901 10.
827 849 1067 920 Λιοιν.-]
1119 849 1179 900 In
1221 848 1343 900 meis
1369 846 1635 899 Codicibus
1673 844 1835 897 habeo
1861 853 1983 914 φιλε,
2021 844 2152 896 unde
2183 844 2455 898 dimanavit
2478 853 2610 915 φιλας

541 920 592 972 in
622 921 879 972 Aldinam.
2370 924 2371 927 ’
2431 963 2435 966 -

617 996 685 1046 V.
713 1011 794 1046 12.
814 1009 1037 1047 -Αυτον
1060 1016 1179 1067 ‚296an
1208 995 1298 1066 w.]
1345 995 1411 1045 In'
1430 993 1760 1044 Laurentiano
1792 1013 1891 1063 χρῆν
1915 1011 2042 1042 αυτον
2066 1013 2131 1041 w.
2195 989 2270 1042 Ita
2307 1002 2356 1042 et
2381 991 2609 1045 Vaticani
2656 1034 2660 1038 .

539 1067 761 1137 quidam,
803 1067 890 1118 nifi
916 1069 1050 1137 quod
1088 1083 1212 1119 unus
1253 1065 1483 1137 agnoscat
1506 1087 1544 1118 π
1578 1084 1668 1137 pro
1694 1087 1757 1117 w.
1820 1064 1898 1116 Sic
1933 1075 1981 1115 et
2007 1063 2390 1117 ottobonianus.
2453 1064 2611 1135 Qd

541 1140 667 1191 bene
693 1139 839 1210 recipi
865 1139 1025 1210 possit.
1065 1191 1068 1194 ,
1516 1174 1522 1179 -

615 1212 681 1264 V.
701 1229 776 1282 14.
818 1207 1020 1264 nuso-sm
1043 1234 1085 1269 ες
1107 1211 1248 1276 βαθυν
1272 1210 1412 1288 οξθρον.
1426 1211 1530 1283 ——]
1569 1209 1803 1282 Apposlte
1829 1208 2124 1264 scholiastes
2145 1209 2365 1270 Homeri
2390 1209 2450 1262 ad
2472 1207 2611 1262 Iliad.

540 1285 662 1338 VII.
694 1304 823 1358 433.
894 1286 1048 1354 Cujus
1086 1286 1230 1338 verba
1275 1283 1482 1355 paulum
1519 1295 1766 1355 corrupta,
1819 1282 2077 1335 emendata
2114 1283 2371 1335 ascribam.
2432 1296 2491 1334 ’ro
2531 1301 2612 1346 7130

540 1356 666 1431 ‘'1⁰9²‘'
730 1357 833 1409 Tar?
850 1379 935 1414 εςιν
967 1357 986 1409 ὅ
1015 1357 1159 1421 βαθυς
1193 1355 1322 1435 οςθρος
1357 1378 1486 1429 παρα.
1522 1354 1605 1411 τίω
1641 1370 1787 1424 mayry,
1833 1356 1930 1409 ὅδε.
1996 1355 2123 1408 Haec
2160 1357 2329 1408 omnia
2365 1355 2615 1427 explicant

536 1439 743 1498 λωωφως
770 1448 868 1482 non
894 1439 1152 1500 αμφιλυκη,
1178 1444 1235 1483 ut
1259 1430 1510 1501 sequentia
1533 1429 1815 1484 ostendunt.
1868 1427 2057 1482 Confer
2082 1428 2251 1481 Schol.
2278 1430 2339 1480 ad
2363 1428 2608 1501 Apollon.

541 1503 714 1555 Rhod.
743 1505 811 1556 II.
843 1504 874 1554 6
925 1523 970 1556 1.
1326 1544 1330 1547 -

613 1576 742 1629 Ibid.
764 1607 837 1617 —
853 1521 946 1640 Εζτᾷ
972 1598 1050 1641 uoq
1085 1598 1178 1630 ενοιν
1199 1597 1278 1641 καί
1304 1596 1343 1634 ες
1365 1578 1475 1649 σιω]
1520 1575 1651 1628 Vide
1678 1575 1738 1629 fis
1773 1578 2037 1628 auctorum
2069 1574 2176 1627 loca
2213 1574 2360 1628 citata
2385 1593 2414 1627 a
2435 1575 2609 1628 Leone

540 1649 745 1711 Allatio,
773 1649 938 1701 Mens.
964 1650 1151 1721 Temp.
1187 1668 1233 1704 e.
1257 1651 1322 1703 iv.
1361 1667 1475 1721 pag.
1502 1666 1620 1722 147.
1655 1649 1755 1719 seq.
1815 1648 2032 1701 Necnon
2063 1666 2110 1700 c.
2133 1649 2214 1700 xii.
2253 1667 2366 1720 pag.
2390 1666 2476 1717 29.
2519 1647 2608 1700 ubi

540 1723 855 1774 adducuntur
897 1722 1002 1774 haec
1040 1723 1204 1784 verba,
1242 1722 1488 1795 supprefl'o
1528 1733 1693 1774 tamen
1719 1721 1980 1776 Theocriti
2014 1722 2230 1774 nomine.
2294 1721 2613 1793 Qibuscum

540 1795 716 1847 confer
750 1807 796 1847 et
821 1794 1147 1858 Athenaeum,
1188 1796 1284 1848 III.
1318 1813 1433 1848 101.
1478 1796 1538 1849 B.
1567 1791 1716 1848 XIV.
1742 1796 1867 1866 653.
1925 1795 1994 1847 D.

612 1868 676 1919 V.
701 1886 782 1938 23.
840 1883 1136 1939 Kese-apteras,
1174 1870 1294 1941 δια]
1348 1869 1431 1920 De
1473 1869 1708 1920 muliebri
1745 1868 1797 1919 in
1840 1867 1951 1919 viris
1986 1889 2127 1940 μυρων
2167 1867 2274 1930 usu,
2327 1867 2611 1922 consulatur

541 1942 619 1993 Cl.
647 1941 996 2011 Spanhemius,
1047 1944 1108 1993 ad
1153 1943 1282 1994 Call.
1323 1941 1508 1993 Pallad.
1542 1960 1585 1992 v.
1612 1959 1688 2015 13.
1751 1940 1870 1993 Vid.
1914 1953 1961 1994 et
1999 1942 2160 1993 Hom.
2202 1941 2378 2011 odyff.
2396 1941 2489 1994 VI.
2518 1941 2609 1997 80.

524 2016 634 2068 *Per
659 2016 857 2067 Eurotae
867 2013 1058 2084 fluenta
1082 2015 1297 2086 intellige
1322 2014 1602 2086 simpliciter
1629 2015 1804 2066 urbem
1831 2013 2031 2086 Spartae.
2584 2061 2587 2063 Α

616 2087 681 2140 V.
706 2089 791 2141 26.
833 2103 943 2144 Ηως,
968 2089 1064 2139 &C.
1121 2087 1387 2140 Obscurior
1413 2087 1561 2159 paulo
1585 2098 1862 2139 contextuS.
1904 2087 2029 2139 Non
2055 2087 2186 2139 male
2213 2086 2410 2157 conjicit
2426 2086 2614 2141 casau-

523 2158 715 2222 bonus,
768 2178 812 2212 c.
831 2161 936 2213 xix.
1004 2175 1062 2212 110
1077 2182 1146 2212 νια,
1171 2160 1239 2229 νυξ
1263 2160 1327 2211 ὅτε
1351 2167 1472 2231 anst,
1513 2160 1614 2231 [vel
1640 2161 1823 2232 ωλώεν]
1864 2181 1954 2237 εις,
1990 2161 2088 2213 ὅτε.
2153 2159 2250 2212 Sed
2279 2161 2347 2212 ita
2381 2174 2612 2214 Alimon

521 2255 611 2303 -εοιρ
636 2233 899 2285 intercidit.
963 2233 1094 2284 Illud
1118 2235 1234 2286 Nox
1269 2233 1425 2285 officit
1449 2251 1553 2304 quo
1587 2233 1753 2285 minus
1790 2233 1873 2285 hic
1910 2233 2099 2304 aliquid
2122 2232 2396 2286 verofimile
2432 2251 2614 2304 procu-

451 2338 452 2341 =
537 2307 697 2358 datur.
763 2307 934 2376 Qam
971 2306 1008 2358 fi
1042 2306 1478 2377 profligaverimus,
1519 2306 1586 2358 ita
1627 2307 1798 2359 locum
1839 2305 2183 2368 reficiendum,
2221 2307 2462 2376 quoniam
2499 2306 2612 2360 solis

537 2379 829 2449 conjecluris
853 2379 936 2430 hic
972 2380 1241 2450 agendum,
1280 2390 1576 2450 textumque
1601 2378 1863 2432 manifesto
1895 2391 2191 2453 corruptum
2215 2379 2446 2442 fatebere,
2487 2397 2612 2433 con-

528 2470 666 2524 jiero.

758 2540 854 2580 Ηως
879 2521 1106 2582 οιῆελλοισοι
1130 2538 1272 2578 κοιλον
1298 2524 1492 2592 δὶεφοανε
1517 2545 1757 2589 που-ωπον,

759 2611 993 2721 ΠἛΤΝΙΑ,
1034 2612 1146 2649 ΝΥΝ
1186 2612 1278 2650 ΕΤΙ
1314 2600 1470 2654 λώιον
1493 2619 1566 2671 coep
1589 2620 1799 2669 χειμωνος
1823 2618 2006 2656 avem-05,

760 2671 813 2722 Ὠ
842 2692 858 2721 ε
882 2693 974 2734 καί,
1014 2672 1112 2724 &c-

758 2773 961 2823 Aurora
985 2766 1166 2840 quidem
1182 2767 1434 2840 pulchram
1459 2767 1646 2835 ostendit
1659 2767 1867 2836 faciem,

758 2842 1065 2903 Veneranda,
1102 2841 1207 2910 jam
1223 2839 1607 2914 primum-hyeme
1630 2840 1880 2894 candidum
1901 2857 1991 2893 ver
2014 2838 2219 2902 laxante,

759 2914 844 2967 Sic
867 2925 912 2965 et
936 2913 1137 2977 Helena,
1176 2917 1274 2967 &c-

539 3014 748 3066 Aurorae
771 3013 985 3065 otiosum
1009 3013 1079 3064 est
1105 3012 1385 3083 epithetum
1409 3008 1564 3068 πόἹνιοι.
1616 3011 1684 3063 Et
1708 3010 1937 3082 intelligit
1957 3013 2104 3085 poeta
2127 3029 2356 3064 auroram
2380 3013 2612 3085 pulcher-

540 3087 738 3148 rimam,
769 3087 878 3155 jam
900 3103 1048 3147 novo,
1079 3099 1127 3137 et
1153 3087 1369 3146 ineunte,
1393 3101 1519 3136 vere.
1575 3083 1702 3135 Non
1727 3084 1910 3137 neceffe
1933 3086 2002 3137 est
2028 3098 2083 3138 ut
2104 3085 2461 3156 comparationi
2484 3106 2628 3160 praa-v

538 3159 681 3209 cedat
705 3159 904 3210 solenne
928 3158 1053 3214 illud
1079 3160 1152 3215 ὡς,
1179 3158 1256 3209 vel
1282 3159 1434 3229 ὡπερ,
1460 3157 1540 3209 vel
1565 3156 1697 3227 quid‘
1713 3156 1882 3209 fimile.
1941 3168 1974 3191 “
1995 3159 2153 3212 Nulla
2177 3176 2246 3210 ex.
2267 3158 2342 3210 his
2367 3158 2613 3232 sexaginta

538 3231 712 3301 puellis
738 3231 944 3283 Helenae
972 3230 1146 3282 nostrae
1173 3229 1508 3301 comparanda
1531 3230 1620 3282 est.
1681 3229 1901 3284 Pulchra
1925 3233 2131 3302 quidem
2161 3232 2232 3283 est
2254 3233 2468 3294 Aurora,
2503 3251 2615 3285 ver-

540 3321 608 3355 no
652 3315 908 3374 tempore3
957 3303 1211 3374 pulchrior
1249 3303 1457 3375 quidem
1491 3303 1738 3355 Helene.'’
1799 3303 2140 3376 Conjiciebam
2181 3321 2384 3376 quoque
2420 3307 2613 3358 Ποῖ-Μ’
2699 3329 2702 3336 ·

540 3376 762 3436 ANAzz',
793 3390 903 3435 1311.
925 3404 1000 3419 --
1016 3377 1092 3429 Sc.
1118 3378 1335 3440 Aurora,
1371 3374 1643 3431 veneranda
1668 3376 1878 3447 Regina.
1939 3377 2057 3431 Vid.
2083 3378 2449 3432 Caumavl.
2482 3395 2571 3433 ιο.

2431 3541 2500 3607 V.
2522 3557 2610 3614 29¹·
2657 3510 2661 3515 .
