2852 4004
481 289 572 346 lxii

483 386 642 440 integra
670 391 712 424 et
743 390 828 423 non
855 380 956 422 adeo
971 379 1131 437 exig-uae
1150 380 1407 438 molis-opera
1435 382 1478 423 in

486 441 622 482 medio
636 438 842 481 volumine
854 435 1169 483 desiderarentur
1187 452 1198 479 :
1226 437 1350 495 longe
1367 439 1477 481 enim

487 498 611 550 dispar
630 495 733 537 ratio
752 494 810 539 est
826 504 914 535 tum
945 493 1049 535 intet-
1066 493 1211 539 folium
1239 495 1405 536 unicum
1423 505 1478 536 -et

484 566 606 607 opera
629 553 801 607 integra,
831 560 919 591 tum
952 550 1059 591 inter
1083 549 1326 606 principium
1343 550 1405 592 vel
1426 550 1475 592 fi-

483 623 580 650 nem
599 618 639 649 et
658 607 873 650 voluminis
894 605 1094 649 medium.⁴
1124 605 1306 648 Primum
1324 607 1475 649 etenim

484 675 526 707 et
544 664 733 706 ultimum
752 662 913 713 folium,
934 660 1007 704 nisi
1026 661 1215 705 volumen
1235 662 1478 706 extrinsecus

480 720 530 763 sit
561 733 650 774 apte
670 720 891 769 munitum,
919 719 1004 759 cito
1028 718 1116 769 usu,
1144 717 1173 761 fi
1202 732 1287 760 non
1315 719 1476 775 injuria,

481 787 724 827 atteruntur,
740 786 780 818 et
793 775 984 830 paulatim
1003 775 1120 826 adeo,
1138 785 1183 818 ut
1195 775 1262 816 vix
1278 789 1325 825 ac
1342 790 1393 816 ne
1407 780 1475 817 vix

481 834 645 888 quidem
664 833 820 888 reliquo
837 831 995 885 corpori
1021 831 1304 877 adhaerescant.
1348 831 1475 885 Qod

481 889 510 931 fi
531 889 718 939 Titulus,
747 898 816 930 aut
835 899 932 930 nota
950 903 1039 943 quae
1058 888 1211 929 indicat
1229 887 1316 937 ubi,
1343 901 1475 942 quan-

481 946 552 997 do,
582 957 623 988 et
640 960 664 986 a
682 959 765 1001 quo
786 945 910 986 editio
940 944 1074 1000 aliqua
1102 945 1146 985 in
1176 943 1310 984 lucem
1339 943 1473 985 emiffa

480 1002 618 1052 fuerit,
646 1000 727 1044 istis
746 1001 851 1043 foliis
870 1001 1034 1043 fortaffis
1067 1000 1201 1042 abrasa
1219 1000 1355 1050 fuerit,
1384 1010 1472 1042 tum

478 1058 644 1100 demum
663 1072 748 1099 non
779 1057 902 1099 modo
932 1055 1093 1098 inutilia
1117 1056 1215 1099 folia
1246 1055 1316 1098 illa
1338 1057 1474 1099 futura

478 1114 585 1165 sunt,
624 1114 687 1155 sed
721 1113 843 1156 etiam
871 1124 916 1155 ut
953 1113 1143 1155 indecora
1175 1112 1349 1167 pretium
1380 1111 1472 1156 libri

477 1172 686 1212 minuunt.
737 1170 873 1224 Atque
892 1170 989 1212 hinc
1016 1170 1168 1211 fastum
1187 1169 1372 1220 arbitror,
1400 1183 1473 1211 cur

477 1237 540 1270 tot
558 1227 649 1269 libri
667 1227 711 1268 in
730 1226 1065 1269 bibliothecarum
1085 1225 1295 1282 Catalogis
1323 1240 1471 1268 occur-

476 1293 590 1334 runt,
629 1283 776 1339 quibus
810 1283 991 1324 additum
1019 1281 1136 1323 illum
1166 1281 1345 1332 solenne,
1382 1281 1471 1324 Sine

475 1355 571 1381 anno
589 1350 658 1381 aut
672 1339 756 1382 loco.
802 1338 1013 1392 Qoniam
1034 1337 1217 1380 videlicet
1235 1339 1411 1393 primum
1428 1348 1470 1381 et

475 1395 666 1438 ultimum
686 1395 829 1437 folium
848 1395 988 1437 tritum
1006 1394 1233 1436 lacerumve
1251 1395 1388 1444 fuerit,
1418 1409 1468 1436 u-

473 1463 663 1509 trumque
691 1466 714 1494 a
745 1451 989 1506 bibliopolis,
1025 1465 1098 1505 pro
1130 1464 1260 1502 more,
1293 1449 1470 1505 quoestui

471 1510 657 1565 guaviter
689 1509 954 1559 inhiantibus,
998 1507 1199 1549 exseetum
1233 1507 1470 1563 penitusque

473 1565 696 1616 sublatum3
745 1575 791 1607 ut
827 1565 925 1607 hinc
956 1563 1079 1621 pluris
1112 1563 1334 1619 exemplar,
1378 1574 1470 1606 tum

470 1623 582 1678 quod
612 1622 801 1674 nitidius,
838 1631 926 1664 tum
957 1621 1066 1678 quod
1093 1620 1218 1662 visum
1245 1620 1469 1677 antiquius,

472 1677 748 1722 aestimaretur.
789 1679 918 1735 Atqui
937 1677 1060 1734 longe
1078 1676 1193 1720 aliter
1212 1677 1249 1718 se
1266 1691 1327 1718 res
1346 1677 1469 1720 habet

471 1736 523 1777 de
542 1736 676 1779 medio
694 1735 938 1778 voluminis:
967 1733 1093 1789 quod,
1123 1733 1182 1776 uti
1196 1733 1324 1784 vides,
1354 1733 1468 1775 attri-

471 1803 560 1834 tum
579 1807 666 1835 non
684 1792 760 1834 effe
787 1790 929 1847 potest,
958 1789 1032 1833 nist
1047 1791 1251 1847 integrum
1270 1789 1467 1832 volumen

470 1850 617 1904 pariter
643 1857 863 1898 atteratur;
893 1861 1027 1903 neque
1044 1860 1140 1889 vero
1171 1846 1318 1888 exinde
1344 1846 1464 1902 quid-

470 1921 593 1962 quam
628 1905 797 1948 avellere
831 1902 1060 1957 bibliopolae
1095 1901 1274 1944 interesse
1307 1902 1460 1956 potest;

468 1964 579 2019 quod
597 1973 638 2004 et
657 1962 774 2004 facile
788 1974 993 2014 praeterea,
1022 1958 1086 2002 vel
1105 1974 1158 2001 ex
1177 1959 1378 2014 alphabeti
1398 1970 1462 2016 ty-

469 2019 704 2075 pographici
736 2019 849 2069 serie,
884 2016 914 2059 fi
943 2031 1028 2059 non
1060 2015 1239 2066 aliunde,
1266 2029 1290 2057 a
1320 2015 1462 2071 quovis

468 2090 556 2118 non
598 2076 750 2130 hospite
795 2075 838 2116 in
876 2087 919 2114 re
950 2072 1111 2115 libraria
1148 2071 1458 2128 dignosceretur.

470 2131 615 2185 Qum
635 2132 771 2188 itaque
799 2145 851 2172 ne
877 2128 1020 2171 folium
1037 2127 1203 2184 quidem
1222 2128 1407 2179 unicum,
1438 2143 1462 2170 e

469 2189 607 2230 medio
641 2187 859 2231 voluminis
892 2185 1088 2236 excisum,
1116 2194 1341 2240 emptorem
1375 2199 1462 2227 non

467 2245 587 2299 plane
608 2245 816 2286 indoctum
835 2251 906 2285 aut
923 2242 1196 2298 negligentem
1216 2240 1340 2283 latere
1369 2239 1460 2295 pos-

467 2300 532 2352 fit,
559 2315 644 2344 non
674 2300 731 2342 est
748 2314 820 2342 cur
847 2298 1042 2355 quispiam
1074 2307 1259 2353 poemata
1286 2297 1459 2353 integra,

467 2357 607 2403 mutis
625 2357 730 2399 foliis
749 2355 989 2405 constantia,
1016 2369 1068 2396 ex
1086 2353 1303 2407 exemplari
1333 2353 1460 2396 alicu-

461 2415 530 2472 jus
561 2413 695 2455 medio
722 2413 870 2462 excisa,
898 2411 959 2453 vel
987 2411 1090 2452 forte
1117 2409 1260 2460 deeffe,
1292 2410 1459 2464 suspice-

466 2480 534 2512 tur
548 2487 560 2508 ι
590 2469 669 2512 five
687 2470 797 2511 enim
828 2468 966 2510 fraude
983 2466 1061 2509 five
1079 2467 1171 2509 casu
1190 2467 1382 2519 evenerit,
1414 2478 1459 2510 ut

464 2526 568 2569 liber
597 2526 741 2582 aliquis
761 2525 861 2567 adeo
888 2538 1056 2566 mancus
1087 2524 1244 2574 evadat,
1275 2523 1456 2578 profetS'to

466 2581 554 2624 fieri
579 2597 664 2624 non
683 2582 810 2636 potest
829 2581 930 2636 quin
953 2579 1170 2623 istiusmodi
1187 2579 1364 2622 descetus
1392 2580 1457 2622 in-

467 2638 599 2682 tuenti
616 2638 808 2680 facillime
826 2646 976 2691 pateat.

525 2693 750 2737 Ostendam
769 2702 922 2743 tamen,
951 2691 1053 2735 nihil
1079 2691 1232 2746 prorsus
1251 2691 1295 2733 in
1322 2692 1458 2734 medio

466 2749 613 2794 nostrae
633 2752 750 2807 hujus
766 2749 967 2792 Editionis
987 2747 1183 2798 deficere3
1213 2748 1276 2789 sed
1297 2749 1340 2790 in
1363 2763 1455 2790 om-

465 2806 603 2857 nibuS,
632 2807 703 2850 ubi
722 2807 790 2849 ubi
809 2805 916 2857 sunt,
935 2807 1018 2862 ejus
1038 2805 1348 2859 exemplaribus,
1367 2805 1457 2846 He-

465 2861 563 2904 findi
583 2861 710 2919 Opera
739 2872 775 2904 et
793 2862 908 2912 Dies,
937 2861 1052 2903 nullo
1086 2861 1165 2903 alio
1198 2861 1342 2915 scripto
1377 2876 1454 2903 un-

465 2933 588 2974 quam
607 2919 912 2969 interveniente,
939 2918 1148 2974 subjuneca
1176 2917 1288 2960 fuiss'e
1307 2917 1455 2960 Theo-

464 2975 599 3016 criteis
629 2975 782 3031 Idylliis
805 2975 884 3016 illis
914 2974 1155 3016 mstodecim.
1208 2975 1348 3030 Atque
1375 2977 1455 3018 hoe

464 3030 628 3086 quidem
658 3030 828 3082 constat,
856 3044 906 3072 eo
935 3031 1043 3085 quod
1062 3030 1318 3085 alphabetum
1345 3031 1452 3073 redte

464 3087 668 3141 procedit:
703 3102 798 3130 nam
822 3086 958 3141 primis
978 3096 1151 3142 quatuor
1175 3087 1317 3129 litteris
1335 3102 1451 3129 com-

463 3143 765 3198 prehenduntur
781 3142 999 3189 Theocriti
1024 3143 1164 3189 omnia
1181 3158 1273 3199 quae
1299 3144 1344 3188 in
1372 3144 1451 3188 hac

845 303 1060 342 sorno
1124 287 1450 342 Tunoc'm‘rx
1519 304 1872 357 AuernoR
1939 300 2186 340 ALmNA.

1550 383 1727 425 editione
1745 391 1909 433 extant3
1939 390 1982 424 et
2013 391 2117 423 tunc
2144 393 2167 421 e
2197 374 2364 434 vestigio
2382 374 2546 419 Hesiodi

1550 441 1724 494 primum
1771 440 1915 481 foIium
1962 439 2153 493 sequitur,
2204 444 2452 488 notaturque
2497 453 2541 475 a,

1550 495 1782 538 Succedunt
1807 495 1904 537 huic
1934 495 2030 536 folia
2067 494 2215 547 septem
2247 490 2338 540 alia,
2369 504 2462 545 quae
2493 488 2544 531 ad

1550 571 1563 593 ε
1588 552 1768 607 speEtant
1784 569 1797 601 ς
1828 566 1874 593 ac
1894 551 1988 592 dein
2009 549 2182 605 sequitur
2200 549 2240 599 ζ,
2259 547 2302 588 in
2323 548 2437 603 cujus
2456 546 2544 600 sep-

1546 609 1648 650 timo
1698 608 1796 650 folio
1840 607 2099 649 absolvuntur
2135 603 2298 646 Hesiodi
2346 603 2543 645 carmina.

1548 663 1754 707 Οὲὶανιιπι
1786 662 1936 718 periiss'e
1966 663 2080 718 supra
2099 661 2346 703 monuimus.
2391 657 2545 700 Exi-sti-

1547 722 1675 763 mabit
1693 719 1849 762 fortaffe
1883 734 2091 761 nonnemo
2123 717 2208 760 fieri
2237 715 2360 771 poffe,
2390 725 2436 756 ut
2455 715 2546 756 He-

1547 776 1678 818 siodus
1708 776 1776 818 ille
1807 775 1879 832 qui
1908 777 1953 818 in
1990 790 2082 818 mea
2108 774 2286 816 editione
2319 780 2544 826 comparet,

1547 831 1646 875 olim
1677 847 1767 888 pars
1794 833 1915 874 fuerit
1939 831 2127 874 editionis
2161 830 2347 872 omnium
2374 842 2546 883 operum

1548 889 1737 939 Hefiodi3
1768 888 1824 930 ita
1843 898 1889 930 ut
1903 887 2113 943 Theogonia
2135 898 2178 929 et
2196 887 2347 928 scutum
2363 884 2546 926 Herculis

1546 957 1718 1002 quatuor
1744 946 1883 1000 primis
1900 945 2103 1000 alphabeti
2120 943 2263 985 litteris
2281 943 2544 984 contineren-

1546 1013 1629 1053 tur,
1656 1012 1698 1044 et
1725 1016 1820 1043 cum
1840 1010 1855 1043 ἓ
1889 1002 2116 1055 inciperent
2133 999 2262 1056 Opera
2285 1007 2321 1039 et
2339 998 2471 1042 Dies:
2499 1006 2541 1040 et

1546 1074 1673 1115 quum
1693 1059 1794 1100 forte
1809 1058 1971 1100 fortuna
1990 1056 2189 1113 periiffent
2207 1054 2447 1110 exemplaris
2467 1053 2543 1096 ali-

1545 1111 2542 1214 fflissdihssfflia‘ssoffiffle{i‘th‘ssl‘ssziZHZii'

1544 1229 1647 1271 troni
1667 1228 1762 1270 huic
1793 1227 1936 1270 nostrae
1955 1228 2057 1271 vatis
2077 1226 2333 1284 Syracusani:
2370 1239 2420 1267 eo
2438 1238 2541 1268 con-

1542 1283 1644 1336 filio,
1676 1295 1720 1326 ut
1739 1299 1792 1325 ne
1813 1284 1987 1338 perirent
2002 1301 2015 1334 3
2045 1284 2293 1333 velfraude,
2324 1291 2369 1331 ut
2398 1296 2540 1324 exem·-

1543 1341 1628 1394 plar
1654 1343 1734 1383 hoc
1761 1341 1978 1382 Theocriti
2009 1340 2118 1395 quod
2147 1340 2290 1391 rarius,
2325 1353 2407 1381 una
2437 1352 2541 1381 con-

1540 1396 1720 1439 stritstum
1734 1396 1954 1439 Hesiodum
1969 1396 2213 1439 divenderet.
2235 1395 2310 1437 Sed
2328 1396 2407 1437 hoc
2422 1409 2543 1437 com·

1539 1454 1667 1495 menti
1700 1453 1888 1509 pleraque
1915 1452 2119 1496 refellunt.
2179 1451 2336 1494 Charta
2365 1461 2407 1493 et
2439 1452 2542 1495 cha·-

1537 1510 1681 1560 raSter,
1712 1523 1807 1551 cum
1827 1509 2046 1551 Theocriti
2080 1519 2168 1551 tum
2196 1508 2362 1551 Hesiodi
2395 1507 2536 1561 nostri,

1538 1567 1695 1620 prorsus
1715 1566 1838 1608 iidem
1867 1566 1957 1608 sunt
1970 1583 1985 1616 3
2015 1574 2060 1607 ut
2080 1565 2264 1621 proinde,
2292 1565 2356 1608 vel
2376 1565 2430 1607 ob
2456 1565 2539 1608 hoe

1538 1621 1683 1673 solum,
1721 1637 1806 1664 uno
1833 1622 2057 1676 eodemque
2088 1632 2286 1676 tempore,
2315 1632 2356 1664 et
2385 1621 2437 1664 ab
2464 1636 2540 1665 eo-

1538 1678 1631 1720 dem
1651 1680 1918 1736 typographO,
1945 1679 2053 1720 edita
2071 1677 2185 1720 simul
2206 1678 2337 1720 utrius
2359 1691 2410 1719 ue
2438 1693 2539 1733 poe-

1537 1745 1591 1777 tae
1610 1737 1700 1778 haec
1719 1750 1856 1790 opera,
1884 1735 1966 1776 sine
1984 1735 2108 1776 dubio
2126 1734 2318 1776 credibile
2351 1741 2407 1777 tt:
2436 1733 2541 1779 Ca:-⁸

1537 1802 1670 1834 terum
1689 1790 1772 1833 fieri
1800 1806 1885 1833 non
1904 1790 2046 1846 potest,
2074 1791 2184 1847 quod
2211 1790 2405 1846 praediffl
2419 1805 2539 1835 com-

1536 1850 1665 1890 menti
1685 1848 1995 1890 fundamentum
2014 1846 2086 1899 est,
2107 1856 2149 1889 et
2167 1863 2250 1905 quo
2269 1847 2424 1890 sublato
2442 1862 2536 1891 cor-

1537 1915 1628 1946 ruat
1669 1903 1822 1947 necess'e
1859 1903 1932 1954 est,
1977 1914 2023 1946 ut
2055 1903 2268 1960 Theogonia
2305 1913 2347 1947 et
2381 1903 2536 1948 scutum

1537 1960 1733 2013 Herculis,
1762 1960 1908 2002 eisdem
1936 1961 2041 2018 typis
2059 1961 2206 2016 quibus
2227 1959 2356 2016 Opera
2374 1969 2415 2002 et
2433 1961 2536 2004 Dies

1536 2017 1582 2058 in
1610 2032 1705 2059 meo
1735 2017 1954 2072 exemplari
1983 2016 2163 2071 impressa
2195 2017 2301 2069 sunt,
2342 2026 2405 2059 tot
2437 2017 2536 2061 folia

1535 2073 1798 2128 adimplerent
1827 2083 1928 2129 quot
1946 2073 2164 2116 Theocriti
2188 2074 2333 2132 Idyllia
2365 2073 2535 2116 eaode-

1534 2131 1642 2172 cim:
1674 2130 1714 2172 id
1732 2131 1842 2185 quod
1872 2131 2000 2172 cuivis
2032 2130 2143 2172 illico
2172 2130 2343 2186 patebit,
2370 2129 2435 2172 vel
2454 2130 2536 2174 Al-

1532 2185 1672 2228 dinam
1699 2186 1925 2229 consulenti
1952 2186 2192 2237 editionem,
2220 2186 2286 2229 vel
2313 2199 2534 2230 numerum

1532 2242 1817 2285 verfieulorum
1836 2243 2089 2297 supputanti:
2119 2243 2315 2299 siquidem
2333 2243 2380 2285 in
2409 2257 2456 2284 ea
2485 2257 2535 2286 e·

1533 2298 1687 2341 ditione
1706 2298 1849 2355 Idyllia
1878 2299 1951 2341 ista
1980 2300 2208 2341 oetodecim
2239 2300 2336 2342 folia
2365 2299 2557 2355 triginta¹

1533 2365 1575 2396 et
1593 2356 1668 2397 tria
1692 2365 1910 2410 occupant,
1940 2370 2069 2412 quum
2088 2354 2298 2411 Theogonia
2316 2365 2358 2398 et
2377 2355 2531 2400 Scutum

1531 2411 1713 2454 Herculis
1742 2413 2136 2468 comprehendantur
2165 2413 2209 2454 in
2248 2411 2354 2455 foliis
2384 2413 2531 2469 viginti

1531 2467 1730 2511 duntaxat
1747 2478 1790 2510 et
1808 2479 1996 2525 quatuor.
2037 2469 2246 2524 Theogonia
2263 2468 2420 2512 constat
2439 2483 2532 2512 car-

1529 2525 1707 2568 minibus
1731 2539 1855 2569 1021.
1890 2525 2043 2567 Scutum
2058 2525 2239 2568 Herculis
2257 2526 2359 2581 480.
2390 2526 2533 2569 Ambo

1530 2596 1613 2623 una
1637 2595 1739 2638 1501
1769 2581 2010 2625 conficiunt.
2060 2585 2119 2625 At
2137 2582 2367 2627 octodecim
2386 2582 2530 2640 Idyllia
2600 2619 2607 2624 .

1529 2638 1660 2680 versus
1690 2639 1904 2680 continent
1927 2639 2052 2695 1691.
2096 2639 2193 2694 jam
2219 2639 2532 2696 uniuscujusque

1530 2692 1663 2751 Idyllii
1677 2694 1865 2745 Titulus,
1887 2695 1936 2736 ad
1955 2695 2189 2747 minimum,
2209 2706 2399 2751 quatuor,
2419 2710 2529 2740 non-

1529 2765 1737 2806 nunquam
1773 2752 1921 2806 septem
1941 2752 2004 2794 vel
2038 2753 2132 2794 οὲὶο
2151 2753 2352 2806 versuum,
2381 2763 2424 2795 et
2443 2752 2528 2795 duo

1528 2807 1645 2861 primi
1678 2809 1809 2850 versus
1841 2819 2014 2863 quatuor
2049 2809 2249 2860 versuum,
2291 2809 2444 2865 semper
2481 2809 2527 2852 in

1528 2878 1620 2906 mea
1637 2865 1815 2907 editione
1842 2863 1982 2907 locum
2007 2866 2210 2909 obtinent.
2249 2866 2368 2908 Adeo
2395 2874 2442 2908 ut
2459 2865 2527 2908 vel

1527 2921 1582 2962 ob
1616 2921 1722 2963 hanc
1750 2922 1872 2963 solam
1904 2922 2103 2964 rationem
2134 2921 2220 2964 fieri
2253 2923 2371 2965 nullo
2400 2922 2527 2964 modo

1528 2978 1670 3031 potest,
1701 2988 1747 3020 ut
1761 2977 1969 3034 Theogonia
1995 2988 2036 3020 et
2056 2978 2208 3020 Scutum
2237 2989 2298 3021 tot
2326 2979 2422 3021 folia
2449 2978 2523 3022 fibi

1524 3034 1798 3085 vendicarent,
1829 3046 1929 3090 quot
1949 3036 2177 3077 oecodecim
2200 3034 2388 3089 praediaa
2410 3035 2455 3077 ld
2484 3034 2523 3076 l-

1523 3088 1604 3131 lia:
1642 3092 1764 3132 etiam
1783 3091 1812 3133 fi
1840 3106 1911 3147 par
1937 3091 2121 3137 versuum
2146 3106 2341 3136 numerus
2366 3091 2413 3135 in
2440 3050 2522 3134 iliis

1523 3146 1626 3190 etin
1639 3147 1703 3191 his
1721 3146 1829 3193 effet-

2311 3274 2516 3320 Prolixius
