2852 4004
1201 245 1325 329 (
1416 241 1660 327 lviii„)

773 531 1205 603 JUDICVIU—lvt
1281 533 1403 578 cr„
1463 526 1789 575 SANCTlv
1863 523 2204 573 AMAND1

661 699 742 732 DE
824 696 1189 730 EanioNB
1269 693 1686 728 THEocRx'rI
1763 690 1904 721 CUM
1984 688 2317 726 HESIODO,

849 844 986 890 QUAE
1017 819 1333 876 ’νιυῖετυιι
1386 840 1768 885 ANTIQUIOR
1819 828 2132 871 AL91NA*.

590 998 689 1049 ΟΝ
716 997 847 1052 modo
858 996 1092 1048 Theocriti,
1121 997 1184 1039 sed
1210 1007 1250 1039 et
1269 997 1449 1048 Hesiodi,

618 1056 924 1110 antiquissirnam
972 1069 1062 1097 eam
1109 1052 1184 1096 esse
1230 1054 1449 1097 editionem

457 1112 592 1155 censet
609 1111 886 1154 eruditissimus
904 1110 1129 1161 Fabricius,
1147 1116 1242 1166 quae
1259 1110 1356 1152 Aldi
1374 1125 1450 1152 cu·

456 1183 501 1213 ra
519 1168 667 1223 prodiit
685 1166 885 1216 Venetiis,
915 1169 969 1211 A.
987 1167 1046 1214 D.
1074 1179 1151 1221 ¹49
1156 1181 1197 1221 5.
1244 1165 1338 1221 Ego
1354 1181 1450 1209 vero

457 1224 676 1266 editionem
723 1223 949 1266 oeiodecim
1007 1223 1184 1277 priorum
1233 1222 1449 1263 Theocriti

455 1280 710 1337 Idylliorum,
740 1291 902 1320 necnon
920 1277 1081 1320 Hesiodi
1102 1276 1266 1333 Operum
1292 1287 1330 1318 et
1347 1278 1450 1318 Die·-

455 1350 559 1387 rum,
588 1336 745 1377 duobus
777 1336 921 1386 aureis,
950 1344 1174 1389 opportune
1208 1333 1322 1375 valde
1348 1335 1445 1383 emi,

454 1407 552 1437 cum
576 1391 855 1435 distraheretur
883 1389 1109 1433 nobilifiimi
1130 1388 1306 1431 Comitis
1326 1388 1449 1432 Oxo-

456 1447 602 1491 nienfis
622 1447 912 1497 instruc'iissima
930 1446 1175 1492 bibliotheca
1187 1463 1201 1497 3
1231 1460 1353 1501 quam
1374 1446 1450 1487 sci-

453 1505 552 1546 licet
587 1505 734 1546 horum
770 1513 977 1557 poetarum
1025 1502 1245 1544 editionem
1278 1503 1450 1558 primam

453 1560 641 1604 omnium
675 1559 975 1616 principemque
1007 1557 1100 1609 effe,
1136 1559 1235 1600 mihi
1269 1558 1449 1614 persuasi.

455 1617 807 1666 Bibliothecarius,
848 1620 892 1657 iit
921 1626 1036 1672 put0,
1065 1614 1242 1671 praedicii
1275 1614 1451 1656 Comitis

452 1673 557 1715 libro
576 1672 636 1714 isti
657 1672 922 1726 adscripscrat,
951 1676 984 1698 ‘⁴
995 1670 1180 1720 Lovanii‚
1208 1685 1224 1713 ι
1232 1684 1332 1725 500.
1370 1670 1455 1711 Fa4

454 1729 644 1773 “bricius
660 1729 732 1780 †.'’
778 1728 1072 1771 Lovaniensem
1106 1727 1272 1783 quidem
1305 1727 1451 1770 editio-

454 1801 551 1828 nem
570 1785 786 1827 Theocriti
807 1794 1006 1826 memorat
1025 1783 1250 1834 Fabricius,
1272 1783 1333 1824 sed
1355 1784 1452 1825 anni

460 1856 586 1899 1520,
631 1856 715 1883 non
749 1855 885 1897 1500=
944 1855 1076 1896 neque
1108 1854 1204 1881 vero
1244 1854 1292 1880 ea
1328 1841 1452 1882 editio

453 1900 691 1954 quicquam,
719 1896 748 1938 fi
768 1897 952 1948 memini,
981 1896 1143 1938 Hesiodi
1163 1896 1299 1938 habet.
1339 1895 1451 1938 Prae-

454 1966 562 2000 terea
581 1953 838 1996 Lovanienfis
874 1953 941 1994 illa
973 1952 1028 1994 est
1060 1954 1102 1994 in
1121 1963 1281 2010 quarto,
1312 1963 1357 1994 ut
1386 1952 1449 1994 lo—

453 2012 616 2067 quimur
633 2027 645 2049 2
676 2009 808 2052 nostra
826 2023 922 2051 vero
940 2010 984 2050 in
1003 2009 1129 2059 foli03
1158 2009 1295 2065 estque
1314 2010 1448 2066 quoad

453 2070 625 2111 formam
655 2067 795 2120 suppar
823 2066 997 2108 editioni
1024 2064 1298 2120 Aristophanis
1330 2066 1450 2109 editae

455 2126 505 2168 ab
534 2123 658 2174 Aldo,
688 2125 741 2164 A.
757 2121 816 2164 D.
849 2122 970 2178 1498.
1016 2121 1297 2163 Veruntamen
1324 2136 1447 2164 omne

454 2181 625 2222 dubium
643 2178 749 2221 tollit
767 2179 953 2220 editionis
973 2178 1135 2236 hujusce
1154 2192 1255 2221 meae
1279 2179 1446 2220 charac-

455 2249 516 2280 ter
526 2254 540 2287 3
570 2237 641 2292 qui
662 2249 806 2290 nempe
822 2235 939 2288 plane
957 2236 1077 2277 refert
1091 2235 1339 2277 characteras
1357 2249 1447 2276 ma-

453 2293 748 2346 nuscriptorum
779 2291 983 2341 codicum,
1018 2302 1058 2333 et
1086 2291 1214 2333 forsan
1247 2291 1353 2333 illius
1385 2292 1447 2346 ip·

424 2401 426 2403 Γ
454 2350 533 2396 iius
553 2350 601 2391 ad
621 2350 735 2391 cu'us
755 2347 876 2389 fidem
899 2349 1044 2389 excusa
1063 2347 1131 2390 est.
1180 2347 1335 2391 primas
1354 2349 1447 2390 An-

455 2405 648 2461 thologiae
701 2404 895 2454 lanudeae,
924 2414 965 2446 et
984 2403 1193 2458 Apollonii
1212 2403 1382 2455 Rhodii,
1403 2419 1448 2446 e-

455 2463 628 2504 ditiones
654 2461 758 2516 typis
789 2461 1058 2502 charadierem
1087 2461 1448 2515 manuscriptorum

455 2517 707 2563 imitantibus
726 2515 923 2571 impressas
942 2516 1069 2568 fuisse,
1100 2518 1155 2558 sat
1178 2526 1349 2558 notum:
1385 2518 1450 2558 sed

457 2588 595 2616 earum
627 2583 797 2628 utraque
827 2582 920 2614 ante
951 2587 1105 2615 annum
1138 2585 1247 2628 1500
1274 2573 1448 2628 prodiit3

1524 1010 1658 1052 neque
1682 971 1767 1050 post
1795 994 1834 1047 id
1856 1004 2031 1048 ternpus,
2060 979 2214 1036 editum
2234 988 2305 1033 tali
2335 996 2524 1046 typorum

1519 1067 1668 1108 genere
1697 1067 1744 1093 ac
1780 1065 1922 1092 norma
1963 1049 2112 1092 librum
2155 1046 2286 1089 ullum
2319 1044 2522 1088 existimo.

1522 1109 1632 1151 Hinc
1653 1108 1754 1150 mihi
1781 1108 1957 1162 primum
1982 1106 2100 1148 facile
2131 1114 2225 1147 nata
2251 1102 2309 1144 est
2339 1101 2522 1157 suspicio,

1522 1168 1628 1209 hanc
1663 1178 1796 1206 meam
1829 1163 2046 1205 Theocriti
2077 1161 2298 1204 editionem
2329 1174 2425 1203 cum
2444 1157 2523 1200 Al-

1522 1222 1634 1271 dina,
1662 1222 1759 1265 anni
1785 1234 1911 1275 1495,
1946 1217 2053 1274 poffe
2083 1218 2133 1259 de
2164 1217 2404 1275 antiquitate
2430 1228 2525 1258 cer-

1523 1288 1621 1319 tare.
1669 1275 1854 1318 Consulo
1878 1275 2061 1330 protinus
2079 1272 2299 1331 Epistolam
2327 1273 2374 1312 ad
2395 1271 2524 1314 Gua-

1521 1334 1672 1383 tinum,
1710 1331 1878 1374 editioni
1913 1330 1973 1372 illi
2002 1330 2166 1373 Aldinae
2198 1327 2402 1382 praefixam
2417 1346 2433 1379 5
2477 1339 2524 1373 ut

1521 1390 1698 1432 viderem
1718 1389 1876 1444 utique,
1905 1401 1957 1429 an
1976 1385 2106 1429 Aldus
2131 1401 2155 1429 a
2173 1385 2212 1426 se
2230 1385 2404 1439 primum
2434 1384 2523 1428 edi-

1523 1456 1585 1488 tos
1606 1443 1825 1487 Hesiodum
1856 1454 1899 1486 et
1917 1443 2193 1485 Theocritum
2220 1442 2344 1492 dicat,
2372 1455 2520 1484 necne.

1522 1502 1640 1545 Nihil
1663 1501 1742 1543 tale
1757 1501 1926 1554 reperio.
1961 1499 2155 1555 Suspicari
2171 1508 2307 1540 tamen
2327 1498 2418 1554 quis
2432 1498 2524 1554 pos-

1523 1559 1593 1610 set,
1631 1558 1748 1602 illum
1773 1558 1815 1600 in
1850 1558 1932 1611 ipso
1959 1555 2149 1611 Epistolae
2183 1555 2302 1597 initio
2335 1556 2523 1607 innuere,

1523 1614 1687 1656 Hesiodi
1707 1613 1804 1654 Theo
1829 1613 1950 1654 oniam
1972 1627 1995 1653 a
2015 1614 2051 1654 se
2072 1622 2159 1654 tum
2179 1611 2353 1667 primurn
2373 1625 2526 1666 procu-

1521 1672 1617 1713 sam.
1661 1629 1846 1714 Offenffo
1866 1669 2031 1711 subinde
2059 1669 2149 1711 haee
2168 1667 2311 1710 verba:
2343 1673 2375 1696 ‘⁶
2393 1665 2458 1713 Sic
2478 1668 2531 1712 in-

1522 1733 1554 1754 “
1570 1729 1648 1770 hoc
1673 1727 1776 1768 libro
1805 1727 1846 1767 in
1873 1726 1919 1767 iis
1939 1740 2036 1780 quas
2065 1725 2290 1766 addidimus
2311 1735 2521 1779 EcLools3

1524 1789 1555 1810 “
1571 1784 1680 1827 &c.''
1701 1783 1925 1823 Videbatur
1941 1782 2007 1822 hic
2021 1783 2149 1835 prima
2165 1782 2296 1823 fronte
2313 1793 2522 1825 ecmelis

1524 1840 1661 1882 dixisse
1680 1839 1898 1881 Theocriti
1919 1837 2090 1895 Idyllia3
2114 1849 2241 1894 ⁴atque
2267 1837 2368 1878 adeo
2381 1839 2534 1891 fateri,

1525 1897 1561 1938 se
1581 1907 1738 1938 tantum
1760 1894 1955 1937 nonnulla
1971 1897 2057 1951 jam
2077 1904 2171 1936 ante
2191 1894 2362 1950 vulgatis
2382 1895 2425 1936 in
2445 1895 2522 1939 hac

1523 1955 1591 1995 sua
1611 1953 1787 1995 editione
1809 1951 2009 1994 addidisse.
2041 1951 2117 1993 Sed
2138 1965 2263 2006 ocyus
2284 1950 2522 2005 deprimam,

1523 2009 1636 2051 aliter
1669 2011 1757 2051 haec
1788 2009 1862 2050 rite
1894 2007 1997 2062 posse
2032 2008 2159 2050 intelli
2193 2010 2219 2049 i.
2270 2006 2444 2050 Perierat
2471 2010 2523 2052 ab

1523 2067 1631 2108 Aldo
1649 2065 1858 2108 Guarinus
1881 2065 2130 2107 solummodo
2186 2062 2306 2106 efiodi
2320 2064 2525 2122 Theogos

1522 2124 1631 2164 niam
1649 2138 1658 2161 z
1690 2122 1757 2163 ille
1778 2136 1859 2163 non
1879 2121 2001 2162 modo
2021 2136 2110 2163 eam
2131 2121 2230 2173 edit,
2250 2121 2312 2161 sed
2334 2132 2376 2162 et
2393 2122 2525 2164 multa

1521 2179 1612 2221 alia.
1633 2179 1732 2220 “lta
1767 2194 1816 2222 ue
1829 2178 2051 2221 addidimus
2067 2178 2219 2235 inquit,
2262 2176 2524 2236 sc.Theogo-

1521 2235 1657 2290 “niae]
1666 2237 1699 2294 ej
1705 2195 1836 2276 uiiiem
1847 2246 1977 2289 poetae
1987 2234 2154 2276 Scutum
2165 2244 2213 2275 ac
2268 2235 2524 2290 eorgicorum

1521 2297 1553 2318 “
1570 2292 1710 2343 libros,
1731 2306 1894 2334 necnon
1910 2291 2128 2334 Theocriti
2148 2290 2299 2346 Idyllia,
2317 2291 2382 2333 seu
2401 2293 2528 2346 opus-⁴

1522 2347 1681 2399 “cula,·
1710 2351 1816 2404 [non
1847 2348 1946 2390 dicit
1972 2347 2152 2404 Eclogas]
2183 2348 2363 2404 triginta.
2417 2348 2524 2390 Item

1523 2410 1554 2431 “
1572 2404 1766 2455 Moralia‚
1797 2405 1906 2448 &c.”
1954 2404 2098 2460 Itaque
2117 2404 2310 2461 posterius
2331 2404 2430 2446 illud
2450 2406 2529 2447 ad-'

1521 2461 1683 2505 didimus
1702 2462 1875 2516 pendere
1894 2460 2021 2517 potest
2041 2476 2064 2502 a
2083 2462 2204 2518 priori
2222 2478 2236 2510 3
2266 2471 2308 2502 et
2326 2471 2431 2512 tum,
2451 2475 2526 2517 pei·

1522 2517 1688 2573 Eclogis,
1729 2517 1875 2560 cundia
1906 2519 1949 2559 in
1979 2518 2123 2559 eodem
2159 2517 2367 2559 volumine
2396 2518 2521 2569 edita,

1522 2585 1666 2628 praeter
1703 2574 2012 2630 Theogoniam,
2056 2574 2320 2631 intelligenda
2367 2574 2458 2621 sunt
2475 2578 2516 2626 1.

512 2742 537 2765 Ἰ
564 2740 690 2778 Hodie
710 2740 757 2778 est
778 2738 873 2778 Bibl.
893 2738 1003 2780 Bodl.
1047 2738 1090 2779 In
1109 2740 1288 2779 musaeolo
1308 2741 1689 2792 protobibliothecarii.

512 2794 632 2845 15Εῇ
661 2793 757 2833 idem
786 2793 879 2830 forte
908 2792 999 2830 liber
1018 2794 1080 2843 qui
1113 2795 1313 2831 recensetur
1332 2795 1369 2832 in
1387 2796 1544 2846 impreis.
1568 2797 1684 2835 Catal.
1705 2794 1800 2835 Bibl.
1820 2796 1927 2836 Harl.
1957 2797 2081 2838 Lond.
2107 2809 2220 2850 ¹744.
2251 2799 2328 2836 8¹10.
2357 2807 2448 2837 tom.
2465 2797 2520 2838 iii.

458 2860 497 2897 p.
515 2850 578 2896 84.
607 2846 729 2884 Num.
746 2846 856 2884 1018.
904 2844 1143 2883 Praescribitur
1163 2847 1199 2883 in
1218 2846 1338 2896 fronte
1362 2851 1392 2868 “
1408 2848 1532 2886 Cosmi
1551 2850 1753 2888 Oricellarii
1774 2863 1805 2900 κο
1827 2867 1889 2889 των
1907 2853 2054 2899 φιλω.”

515 2906 536 2947 1
564 2899 679 2937 Aliter
695 2899 774 2936 haec
798 2898 973 2936 intellexit
993 2898 1054 2935 Cl.
1071 2899 1248 2943 Reiikius,
1269 2910 1309 2937 ut
1325 2900 1507 2939 videretur
1525 2903 1630 2940 etiam
1652 2903 1812 2954 suspicari
1831 2905 1969 2955 aliquid
1989 2904 2035 2942 de
2056 2905 2216 2943 editione
2234 2905 2365 2957 aliqua,
2386 2905 2523 2945 Aldina

458 2953 673 3003 antiquiore.
709 2952 907 3002 Apponam
927 2952 1003 3000 ejus
1023 2951 1146 2998 verba,
1166 2965 1212 2989 ex
1231 2952 1445 2991 Praefatione
1463 2955 1509 2992 ad
1528 2968 1700 3005 nuperam
1721 2956 1919 2995 editionem
1933 2957 2142 2998 Theocriti.
2167 2972 2252 3009 pag.
2273 2972 2312 2996 x.
2342 2960 2461 2998 Tom.
2481 2963 2529 3002 ις

460 3009 489 3027 “
509 3007 598 3044 Sunt
627 3005 735 3042 etiam
754 3004 825 3046 loci
844 3004 993 3054 quidam
1017 3003 1112 3042 illius
1129 3005 1353 3043 Praefationis
1370 3006 1518 3045 Aldinae
1535 3009 1626 3046 mihi
1645 3009 1865 3059 per-obscuri,
1896 3021 1936 3049 ut
1955 3011 2014 3049 ine
2031 3025 2041 3049 ι
2082 3012 2143 3049 Sic
2161 3015 2200 3049 in
2219 3011 2281 3048 hoc
2300 3013 2389 3050 libro
2410 3015 2448 3050 in
2474 3015 2522 3055 iis

459 3063 490 3081 “
504 3071 589 3109 quas
605 3058 795 3101 addidimus
814 3057 964 3105 Eclogis.
1000 3057 1060 3094 Sic
1081 3057 1246 3108 loquatur
1265 3058 1393 3104 homo,
1421 3061 1485 3110 qui
1513 3074 1608 3098 nova
1626 3062 1792 3112 quaedam
1817 3065 1974 3102 carmina
2002 3064 2206 3114 adjunxerit
2239 3078 2518 3116 ᾼΝτιοριοκι

459 3115 492 3138 -“
508 3122 681 3149 curnam
711 3121 918 3154 ammom
953 3122 1071 3147 suna
1093 3122 1382 3151 PRAEcnassAE.
1430 3113 1650 3164 Ecquaenam
1670 3129 1759 3153 vero
1783 3118 1969 3165 praegrefl'a
1989 3129 2086 3156 tuam
2107 3120 2155 3158 est
2175 3118 2288 3155 editio
2308 3119 2518 3166 Theocriti,

460 3165 489 3186 “
506 3163 603 3201 Alde
620 3168 634 3202 Ξ
669 3163 752 3201 Nos
770 3163 957 3201 enimvero
977 3171 1076 3200 tuam
1096 3163 1318 3205 credidimus
1337 3165 1382 3203 ad
1402 3166 1473 3204 hoc
1492 3167 1564 3208 diei
1592 3169 1757 3206 omnium
1777 3169 1995 3221 principem,
2044 3172 2241 3210 Eccuinam
2257 3171 2423 3215 addidisti
2443 3172 2515 3211 Ec-

459 3219 489 3242 ⁴‘
503 3216 602 3262 logas
621 3216 711 3262 illas,
737 3229 825 3267 quas
853 3225 888 3253 te
905 3215 956 3253 ais
976 3215 1147 3254 addidisse
1164 3219 1179 3255 ἓ
1228 3217 1335 3256 Illinc
1363 3219 1491 3269 primae
1511 3221 1561 3258 A.
1577 3221 1631 3259 D.
1659 3233 1772 3272 1493.
1803 3235 1822 3259 a
1841 3232 1877 3260 te
1895 3234 2025 3262 curatae
2043 3228 2058 3264 ἓ
2105 3226 2251 3272 Ergone
2269 3225 2330 3263 illa
2358 3226 2518 3264 carmina

458 3272 488 3291 “
505 3269 695 3307 Theocriti
714 3269 879 3320 pauciora
897 3269 1164 3326 complefffiur,
1191 3283 1301 3322 quam
1324 3272 1404 3315 haec
1423 3273 1623 3329 posteriori
1672 3273 1844 3318 Debebas
1874 3277 2012 3328 planius
2030 3278 2148 3332 loqui,
2175 3287 2211 3319 et
2229 3279 2406 3321 rationem
2432 3279 2515 3331 pos-

461 3324 491 3354 4·
505 3330 663 3366 terorum
679 3322 854 3365 haberee’

2424 3399 2513 3451 Ego
