2852 4004
559 269 664 344 276
1222 270 1280 322 N
1318 271 1367 324 O
1407 271 1458 324 T
1490 271 1577 324 AE.
1694 269 1920 327 XXIV.

571 407 576 412 -
630 371 863 425 Reiskius
901 371 1042 424 affert
1070 371 1320 443 judicium
1366 373 1454 425 viri
1495 373 1751 443 cujusdam
1791 371 1966 442 ignoti,
2013 371 2096 424 sed
2137 389 2240 424 non
2279 371 2482 436 indocti,
2538 375 2629 446 qui

556 459 701 516 negat
740 445 855 496 huie
883 446 1063 515 Idyllio
1095 444 1251 498 finem
1291 446 1463 498 deeffe.
1529 447 1736 498 Initium
1762 463 1877 496 vero
1913 447 1977 497 ait
2019 446 2396 508 ille-desiderari,
2436 448 2486 498 in
2524 466 2632 518 quo
2675 467 2709 495 ,¹
2795 452 2797 456 “

554 520 724 570 omnia
751 517 946 569 fuiffent
979 531 1211 581 enarrata,
1251 537 1362 589 quae
1388 519 1637 571 Hercules
1663 519 1909 590 Tyrinthe
1943 518 2163 589 gestisset,
2202 531 2467 590 antequam
2493 523 2628 573 Am·-

550 592 757 662 phitruo
775 591 975 644 Thebas
1000 593 1303 643 concederet.
1346 594 1631 644 Herculem
1651 605 1818 643 autem
1835 592 2069 661 jamdum
2089 592 2186 644 hoc
2211 605 2433 663 tempore
2457 593 2628 665 appel-

551 665 655 726 lari,
696 665 784 734 qui
809 677 921 716 tum
949 665 1110 716 dictus
1136 663 1295 716 fuisset
1320 665 1540 732 Alcides,
1581 666 1656 717 vel
1683 666 1901 719 Alcaeus,
1965 666 2095 732 Qae
2134 665 2260 716 mihi
2293 683 2395 718 non
2433 667 2627 738 prorsus

553 738 898 808 improbabilia
942 738 1188 791 videntur.
1266 740 1325 790 In
1375 738 1588 790 editione
1631 739 1882 821 Calli-ergh
1936 738 2133 821 aliisque
2175 739 2276 808 ejus
2317 739 2636 823 sequacibus„

551 811 1458 954 ffe‘sffissa‘llfadissaeffoss'iinffiessss
1485 810 2628 956 {³233t¹1¹2¹¹³<¹2²1211ffls¹1¹2¹1¹'sitnfflffianssli¹223*ss

550 958 796 1026 colligere,
837 975 935 1008 non
975 969 1111 1008 extat
1150 957 1200 1007 in
1233 957 1420 1028 scriptis
1460 956 1613 1018 Ebria,
1655 958 1734 1008 sed
1775 958 1837 1008 ab
1875 958 1978 1029 ipso
2007 958 2254 1027 Calliergo
2290 958 2508 1029 profesta
2539 958 2627 1010 est.

550 1032 611 1082 In
637 1031 876 1082 Vaticano
901 1030 1106 1100 quidem
1133 1030 1363 1091 secund0,
1389 1048 1510 1081 cum
1538 1030 1772 1083 verficulo
1798 1030 2100 1102 octogesimo
2128 1031 2305 1101 quinto
2331 1031 2504 1084 definit
2529 1030 2628 1084 hoc

550 1103 822 1173 Idyllium:
857 1104 970 1156 casu
992 1116 1119 1154 certe
1145 1103 1329 1172 aliquo,
1351 1104 1427 1154 vel
1453 1104 1637 1155 incuria
1656 1103 1822 1156 scribae
1840 1106 1917 1156 vel
1942 1104 2141 1157 inscitia.
2181 1104 2435 1176 Supplevit
2453 1106 2631 1158 Graece

550 1176 706 1227 finem
744 1175 889 1245 hujus
922 1177 1086 1246 Idyllii
1112 1176 1161 1244 J,
1189 1177 1522 1244 Camerarius,
1568 1177 1620 1227 in
1647 1177 1922 1230 Theocrito
1948 1178 2125 1230 Latine
2156 1177 2291 1229 verso
2329 1178 2390 1230 ab
2417 1178 2631 1232 Eboano

546 1248 720 1302 Heffo,
762 1251 805 1302 F
810 1250 996 1302 rancof.
1025 1250 1158 1319 apud
1179 1249 1432 1302 Brubach.
1466 1266 1621 1325 1545.
1665 1251 1942 1323 Signatum,
1972 1253 2053 1307 M.
2076 1270 2125 1326 5.
2170 1250 2260 1304 Est
2285 1269 2344 1305 ea
2371 1251 2521 1304 verfio
2545 1269 2630 1319 ac-

551 1321 698 1374 ceffio
724 1323 949 1376 editionis
974 1322 1348 1375 Camerarianae.
2663 1335 2666 1339 '
2715 1338 2718 1339 ’
