2852 4004
503 362 584 415 ις,
1264 312 1627 403 NOTAE.
1739 345 1818 400 ΙΙ.

860 844 1939 927 IDYLLIUM
2111 848 2228 924 ΙΙ.

599 1230 655 1283 N
694 1242 991 1301 argumento
1028 1231 1228 1284 secundi
1254 1232 1417 1302 Idyllii
1452 1229 1688 1303 scriptum
1721 1230 1809 1292 est,
1851 1241 1887 1265 “
1907 1245 1987 1291 την
2007 1225 2053 1284 δε
2076 1225 2329 1284 eea-rumh
2352 1243 2588 1296 Θεοκατος
2641 1287 2643 1291 Α

624 1318 928 1377 απιροκοιλως
953 1326 1002 1357 εκ
1022 1328 1104 1357 των
1120 1310 1342 1379 Σωφρονος
1365 1326 1596 1374 μετηνεγκε
1623 1306 1867 1357 ΜΙΜΩΝ.”
1912 1305 2113 1357 Mirum
2133 1322 2250 1356 vero
2267 1302 2479 1376 esquam
2505 1303 2588 1355 hic

504 1380 679 1428 >censor
702 1391 1037 1454 απιξοκοιλιοιν,
1064 1380 1117 1430 in
1138 1379 1497 1450 elegantissimo
1523 1391 1682 1449 poeta,
1711 1392 1877 1430 notare
1904 1379 2127 1430 voluerit.
2159 1379 2411 1449 Equidem
2432 1395 2588 1447 quor-

507 1450 622 1502 sum
644 1450 725 1502 ille
749 1452 800 1503 id
825 1451 1078 1523 scripserit,
1114 1471 1216 1504 non
1241 1453 1347 1504 satis
1373 1452 1552 1522 assequi
1578 1453 1855 1523 conjectura
1887 1451 2099 1523 poffum.
2161 1451 2381 1504 Fortaffe
2403 1451 2474 1504 illi
2498 1469 2586 1524 pa-

507 1542 624 1576 rum
650 1525 775 1576 visus
807 1525 991 1577 servare
1018 1526 1279 1578 Decorum
1304 1525 1622 1587 TheocritUS‚
1661 1527 1786 1577 dum
1816 1527 2085 1578 imitatione
2109 1524 2395 1599 Sophronis,
2434 1525 2589 1579 ancil-

509 1597 612 1650 lam
641 1598 891 1650 Simaethae
930 1599 1132 1662 tribuit3
1178 1601 1315 1670 quod
1341 1599 1541 1652 urbanae
1568 1600 1731 1670 potius
1757 1617 1911 1669 quam
1947 1599 2136 1651 rusticae
2176 1599 2435 1652 conveniat
2474 1617 2589 1672 per-

508 1671 656 1724 sonae.
729 1672 821 1723 Sed
863 1672 1088 1743 profecto
1123 1673 1359 1725 Simaetha
1397 1672 1485 1724 ista
1526 1673 1761 1724 meretrix
1809 1672 1903 1724 fuit
1953 1673 2211 1735 urbicaria,
2264 1691 2368 1726 non
2409 1674 2590 1728 mulier

508 1741 767 1798 rusticana.
833 1745 1043 1798 Casaub.
1069 1747 1246 1799 LEcT.
1272 1747 1493 1799 Theocr.
1529 1764 1573 1798 e.
1594 1745 1662 1799 iii.
2068 1798 2070 1804 Α
2585 1806 2589 1807 ⁷
2632 1753 2638 1758 '

587 1820 830 1890 Interpres
867 1819 1075 1871 Graecus
1118 1821 1180 1871 de
1217 1821 1539 1891 Inscriptione
1581 1819 1747 1890 Idyllii
1791 1831 1944 1882 notat,
1985 1828 2342 1892 “Emypoecperoq
2373 1843 2420 1872 το
2452 1843 2590 1899 πειρον

508 1887 761 1944 “dumont
800 1897 1278 1946 ‹vAPMAKEerrAR'
1341 1893 1616 1946 Athenaeus
1654 1912 1768 1965 pag.
1788 1913 1858 1968 47
1867 1914 1915 1967 5,
1960 1893 2220 1946 Theocriti
2256 1908 2590 1947 ΦΑΡΜΑΚΕΥ-

508 1980 683 2019 ΤΡΙΑΣ
699 1966 835 2028 citat,
854 1975 1108 2043 κΘεοκξνὶως
1131 1962 1202 2018 ‹5'3
1221 1983 1475 2041 Συρωκκσιος
1499 1988 1536 2018 εν
1554 1989 1646 2023 παις
1664 1973 2158 2020 ΦΑΡΜΑΚΕΥΤΡΪΑΙΣ
2179 1975 2275 2034 φησι
2291 1967 2335 2020 :''
2355 1979 2404 2020 et
2422 1967 2590 2040 postea

510 2039 659 2110 hujus
699 2039 850 2111 Idylli
888 2040 1060 2092 locum
1093 2041 1312 2094 adducit.
1373 2041 1525 2093 Unde
1565 2040 1791 2111 suspicari
1832 2059 2052 2114 pronum
2085 2039 2173 2102 est,
2216 2041 2590 2102 Grammaticos

508 2113 574 2165 ab
608 2126 900 2183 argumento
933 2114 1001 2166 ita
1033 2113 1131 2166 hoc
1158 2115 1393 2185 Idyllium
1421 2114 1708 2185 indigitaffe.
1772 2116 1895 2167 Non
1922 2115 2113 2166 videtur
2137 2127 2303 2167 autern
2342 2114 2478 2171 aliter
2509 2115 2591 2169 in-

510 2187 717 2239 scribere
742 2186 956 2238 debuiffe
985 2201 1142 2261 poeta,
1178 2207 1334 2259 quarn
1360 2189 1673 2250 Simaetham,
1701 2206 1729 2240 a
1754 2200 1860 2241 tam
1885 2189 2038 2240 nobili
2062 2188 2255 2242 scorto:
2296 2206 2590 2260 quanquam
2680 2202 2681 2205 ’

507 2260 701 2331 aliquot
724 2260 963 2331 ejusmodi
990 2261 1260 2332 Sophronis
1285 2261 1622 2334 inscriptiones
1646 2263 1945 2314 notavimus.
2009 2263 2134 2334 Qo
2165 2262 2324 2333 magis
2361 2263 2591 2317 admirari

510 2333 631 2386 libet
650 2334 874 2386 Graeculi
899 2335 1151 2405 cujusdam
1180 2335 1464 2388 Scholastici
1490 2348 1714 2406 argutam
1739 2336 2099 2398 curiositatem,
2124 2354 2278 2407 quam
2306 2336 2416 2407 jam
2449 2338 2592 2389 a'ntea

507 2426 716 2479 quoque
739 2408 827 2458 viri
854 2410 1022 2478 magni
1045 2408 1323 2479 attigerunt,
1359 2410 1447 2481 qui
1472 2422 1627 2481 poetae
1650 2423 1970 2482 ωπιροκαιλιοις
1993 2411 2198 2481 culpam
2223 2409 2448 2472 intendit,
2474 2411 2592 2482 quia

510 2481 739 2534 videlicet
763 2481 1084 2552 Thestylidos
1122 2483 1378 2553 personam
1414 2501 1443 2534 e
1482 2482 1652 2534 mimis
1688 2483 1971 2555 desumpsit.
2033 2484 2189 2554 Cujus
2226 2501 2430 2545 nomen,
2467 2501 2590 2536 cum

510 2572 578 2606 ex
599 2555 798 2626 antiqua
823 2556 1074 2607 comoedia
1099 2556 1458 2628 depromptum
1485 2557 1560 2618 s1t,
1597 2556 1858 2623 cui,‘illivus
1884 2557 2020 2618 belli,
2046 2575 2149 2627 quo
2174 2574 2230 2608 ea
2252 2569 2363 2609 nata
2384 2556 2478 2619 est,
2510 2559 2592 2610 in·-

511 2640 588 2680 ter
611 2627 928 2699 Megarenses
954 2641 1002 2680 et
1027 2628 1366 2691 Atheniense3‚
1406 2629 1547 2698 causa
1583 2627 1849 2691 ascribitur,
1891 2634 1990 2682 non
2018 2632 2160 2682 video
2184 2643 2429 2701 quantum
2459 2631 2587 2684 inter

513 2699 646 2752 hanc
670 2714 718 2752 et
740 2701 879 2752 illam
905 2703 1118 2754 interfit:
1165 2716 1266 2766 aut,
1293 2722 1381 2755 cur
1406 2704 1569 2776 potius
1594 2721 1623 2754 a
1646 2703 1958 2775 Thestylide,
1989 2722 2145 2777 quam
2170 2721 2199 2756 a
2224 2703 2474 2769 Simaetha,
2502 2699 2611 2758 ab·-⁴

514 2773 690 2825 stinere
715 2773 952 2826 debuerit.

811 2861 953 2920 nopvnv
978 2843 1022 2900 δε
1047 2846 1269 2918 Σιμοωθαν
1294 2845 1401 2906 tofles·
1424 2845 1646 2923 Μεροιροιὸε

810 2935 986 2984 Neowaoq
1010 2920 1204 2975 κλενῖἶὸοτ
1229 2922 1596 2991 μεθυσοκρθοιζοι,
2591 2965 2596 2970 -

517 2991 608 3043 Ait
632 2991 891 3056 ComicuS,
931 2995 1346 3049 AcharnenfibuS.
1405 2997 1530 3050 Non
1559 2992 1784 3068 ‘peccavit
1808 2996 1972 3067 igitur,
2009 2997 2120 3067 quis
2145 3018 2300 3068 φαναιῳ
2324 3020 2395 3051 em
2421 3019 2591 3073 πορνειᾳ,

515 3060 885 3138 κεκωμῳδημδζυῳ,
925 3086 952 3119 e
991 3068 1248 3140 Sophrone
1282 3070 1387 3132 suo,
1428 3070 1872 3122 Ancillam-dedit.
1934 3074 2112 3141 Itaque
2144 3070 2477 3125 Grammatici
2514 3074 2590 3125 vi-
2623 3093 2634 3099 “

515 3138 678 3198 deant,
717 3139 896 3208 quibus
933 3160 1034 3193 non
1059 3141 1164 3193 satis
1202 3155 1304 3196 erat
1336 3143 1751 3215 elegantissimum
1781 3156 1937 3215 poetae
1962 3143 2155 3196 sensum
2180 3155 2255 3196 tot
2281 3143 2597 3218 ineptiffimis

516 3206 768 3288 Qozveigaoaf
794 3215 1074 3283 perversum
1101 3216 1195 3268 effe
1214 3242 1230 3279 ;
1274 3217 1364 3268 nifi
1387 3217 1581 3289 insuper
1604 3238 1800 3293 ωκξιωαν
1823 3217 1963 3269 suam
1987 3217 2057 3268 illi
2082 3219 2399 3289 imputarent,
2437 3237 2594 3290 quem

517 3285 660 3335 toties
689 3284 819 3336 male
843 3288 1201 3342 intellexerunt.
1265 3290 1429 3342 Nobis
1454 3302 1646 3343 certum
1672 3290 1759 3352 est,
1799 3308 2034 3361 magnam
2061 3308 2236 3343 eorum
2261 3304 2454 3362 partem
2480 3311 2595 3364 quae
2660 3354 2667 3357 Α

516 3355 769 3409 Simaethae
795 3357 875 3412 hic
901 3361 1199 3424 tribuuntur,
1236 3382 1295 3416 εκ
1319 3385 1562 3436 οινιςορητως
1587 3381 1615 3415 a
1641 3376 1785 3435 poeta
1810 3363 1923 3426 dici,
1953 3364 2120 3435 qualia
2144 3364 2304 3417 multa
2326 3366 2386 3416 de
2406 3365 2590 3437 Daph·
2627 3398 2630 3401 -

519 3430 635 3481 nide
672 3442 721 3480 et
759 3430 879 3495 aliis,
922 3453 1032 3505 quae
1072 3437 1294 3488 multum
1328 3438 1504 3508 leporis
1543 3448 1837 3509 pepererunt
1871 3439 2003 3510 apud
2029 3438 2249 3503 Vetere8‚
2295 3438 2437 3491 nobis
2475 3456 2594 3492 vero
2680 3480 2683 3482 «
2750 3471 2751 3474 =

519 3502 635 3558 sunt
659 3502 924 3577 incognita.
1001 3507 1175 3563 Heins.
1202 3510 1386 3566 LECT.
1415 3511 1468 3564 T
1470 3510 1637 3566 heocr.
1669 3528 1780 3584 αν.
2420 3583 2480 3637 H
2515 3583 2527 3596 ·

1591 3611 1598 3617 .
2483 3601 2591 3657 ujus
