2912 4056
462 625 2239 777 P-RAEFATIO.

330 960 550 1202 C
573 961 722 1021 UM
758 982 882 1064 ego
927 983 1120 1054 nuper
1169 961 1234 1022 in
1282 958 1594 1022 academia
1641 957 1979 1022 Oxonienfi
2027 958 2383 1047 praelei'toris

607 1051 830 1138 poetici
880 1073 1130 1114 munere
1161 1049 1462 1136 fungerer,
1513 1052 1700 1136 inque
1731 1073 1803 1112 ea
1833 1053 2141 1139 provincia
2176 1069 2383 1140 poetas

609 1145 849 1206 Graecos
879 1165 1257 1219 enarrarem3
1312 1165 1560 1205 mecum
1595 1139 1843 1205 confilia
1873 1142 2066 1206 inibat
2095 1145 2184 1207 vir
2217 1142 2383 1207 sum-

321 1236 482 1311 muS,
533 1257 660 1297 non
692 1233 938 1297 modo
914 1236 1064 1321 Juris
1096 1231 1348 1320 Anglici
1389 1231 1489 1297 sed
1528 1249 1590 1297 et
1619 1234 1905 1299 omnium
1941 1232 2381 1299 humaniorum

322 1324 633 1389 literarum
683 1323 1086 1412 peritiffimuS,
1150 1348 1529 1389 GULIELMUS
1580 1347 2022 1402 BLACKsToNE,
2081 1340 2150 1389 ut
2192 1325 2381 1389 alicu-

311 1415 411 1504 jus
437 1441 650 1480 eorum
673 1416 1027 1522 editionem,
1063 1416 1449 1504 grandiorem
1482 1441 1703 1504 nempe
1734 1416 2228 1504 nitidioremque,
2261 1416 2383 1480 sus-

319 1510 606 1596 ciperem.
658 1508 730 1571 Id
759 1508 976 1594 quod
960 1533 1023 1572 m
1054 1507 1216 1596 praeli
1244 1507 1719 1572 Clarendoniani
1753 1508 1938 1572 decus
1966 1525 2027 1572 et
2060 1508 2380 1586 honorem,

319 1599 488 1688 cujus
533 1615 683 1664 tunc
732 1602 1022 1706 temporis
1065 1599 1167 1664 ille
1211 1617 1340 1663 erat
1380 1623 1415 1662 e
1449 1599 1958 1688 procuratoribuS,
2009 1614 2148 1663 tum
2195 1603 2385 1664 etiam

319 1689 591 1756 studiosae
625 1691 964 1780 juventutis
1000 1691 1354 1768 utilitatem,
1405 1692 1667 1755 cederet.
1752 1691 2181 1755 Commodum
2223 1694 2385 1755 circa

316 1783 383 1847 id
418 1800 660 1871 tempus
706 1782 1167 1847 inferebantur
1150 1807 1215 1846 1n
1253 1782 1688 1847 bibliothecam
1720 1782 2114 1848 Bodleianam
2155 1782 2381 1846 collec-

316 1890 495 1939 tanea
538 1899 668 1939 non
722 1876 963 1963 exigua,
1014 1875 1090 1939 ad
1123 1872 1620 1962 Aristophanem,
1672 1875 2030 1952 Pindarum,
2082 1873 2384 1938 Theocri-

318 1982 478 2044 tum,
534 1965 802 2053 aliosque
848 1984 1068 2030 veteres
1116 1966 1426 2053 scriptores
1471 1971 1712 2030 Graecos
1759 1964 2163 2045 illustrandOS,
2213 1964 2384 2053 spec-

317 2061 546 2136 tantia3
569 2123 576 2131 ,
602 2083 829 2145 magno
872 2057 1072 2122 studio
1107 2075 1168 2122 et
1205 2057 1456 2146 sumptu
1491 2057 1648 2122 fasta
1698 2076 1759 2123 et
1807 2075 2159 2145 comparata
2189 2081 2225 2120 a
2256 2060 2383 2122 viro

317 2152 530 2214 Graece
585 2148 950 2230 doetiffimo,
1016 2174 1245 2226 JAcoBo
1294 2161 1724 2228 'SANTAMAND,
1800 2149 1967 2213 haud
2012 2151 2098 2212 ita
2143 2148 2384 2237 pridem

249 2262 263 2274 *·
315 2240 626 2307 desumto,
677 2246 842 2305 Inter
872 2266 943 2306 ea
972 2241 1155 2330 longe
1187 2265 1446 2305 numero
1477 2241 1677 2329 plures
1709 2259 1900 2317 erant,
1934 2259 1996 2305 et
2029 2241 2384 2305 eminebant

317 2337 589 2399 maxime
643 2331 884 2411 chartae,
943 2358 1078 2423 quae
1128 2333 1536 2398 Theocritum
1590 2333 1957 2421 spectabant.
2046 2336 2193 2422 Jam
2242 2357 2383 2397 vero

319 2424 689 2489 Theocritus
733 2450 891 2489 unus
938 2443 1064 2490 erat
1098 2450 1131 2490 e
1164 2427 1388 2490 Graecis
1434 2428 1647 2513 poetis,
1699 2425 1870 2514 cujus
1900 2424 2256 2489 suavitatem
2290 2426 2382 2489 sa-

320 2540 659 2606 poremque
680 2516 1002 2606 pristinum
1027 2519 1258 2606 semper
1283 2541 1646 2595 amaveram,
1679 2540 1992 2604 quemque
2023 2517 2100 2580 ab
2131 2520 2382 2583 ineunte

315 2608 440 2672 fere
476 2626 647 2672 aetate
677 2608 993 2698 diligentia
1026 2608 1314 2698 singulari
1362 2608 1757 2696 perlegeram.
1843 2609 1989 2696 Ejus
2012 2611 2119 2672 rei
2153 2634 2382 2697 oppor-

317 2704 580 2765 tunitate
610 2698 768 2780 usUS,
818 2699 1078 2765 instabat
1116 2701 1364 2765 monitis
1408 2699 1803 2764 amiciffimus
1842 2699 1943 2764 ille
1979 2702 2088 2778 vir,
2141 2724 2215 2763 ne
2252 2717 2381 2766 tam

315 2793 646 2881 pretiosum
678 2791 1029 2856 thesaurum
1063 2793 1339 2857 diutius
1323 2817 1386 2855 m
1419 2792 1679 2856 tenebris
1714 2791 1996 2856 inutilem
2036 2791 2238 2880 jacere
2270 2817 2382 2879 pa-

316 2901 514 2948 terer:
582 2884 856 2948 oblatam
904 2882 1160 2948 feliciter
1203 2882 1588 2947 occasionem
1632 2883 2014 2970 praedicabat,
2069 2889 2383 2948 auctorem

317 2974 743 3064 dignissimum
774 3000 887 3064 pro
918 2979 1146 3040 meritis
1179 2975 1535 3052 adornandi,
1587 2975 1758 3063 cujus
1789 2978 1975 3038 etiam
2006 2998 2164 3039 nova
2193 2975 2384 3038 editio

313 3067 486 3130 valde
544 3065 1027 3131 defiderabatur.'
1098 3071 1200 3131 Ne
1245 3066 1450 3130 dicam
1496 3066 1793 3154 pluribus,
1844 3065 2022 3130 facile
2071 3069 2228 3129 inter
2272 3090 2382 3130 nos

315 3159 738 3236 conveniebat,
810 3175 883 3222 ut
937 3184 1054 3246 ego
1110 3158 1278 3222 hunc
1335 3174 1583 3246 poetam
1646 3161 1802 3246 typis
1855 3158 2216 3221 academicis
2276 3181 2384 3220 ex-

315 3250 675 3323 cudendum
707 3273 1006 3315 curarem.
1087 3255 1300 3337 Atque
1337 3251 1428 3313 hae
1458 3248 1628 3312 fuere
1659 3248 1866 3327 causae,
1914 3273 2050 3336 quae
2082 3272 2180 3311 me
2212 3250 2381 3335 prin—

319 3342 484 3429 cipio
509 3341 588 3406 ad
617 3341 776 3406 hanc
794 3341 1149 3421 editionem,
1176 3365 1372 3429 quam
1394 3358 1571 3406 antea
1599 3365 1674 3405 ne
1701 3341 2080 3407 somniabam
2104 3339 2380 3429 quidem,

1439 3456 1477 3496 a
2177 3454 2389 3518 lmpu-
