2852 4004
782 317 1744 379 EPIGRAMMATA.
2197 340 2301 396 321

216 440 272 480 Εν
302 425 461 498 ἄγοις,
498 438 553 480 εν
575 422 829 501 φθιμλυοις,
866 427 967 482 Sco.
1005 443 1119 499 quae
1156 423 1260 479 huc
1298 423 1554 480 referenda
1586 428 1714 482 sunt.
1775 424 2031 500 Frequens
2056 441 2111 482 En
2139 427 2305 492 ἠΐθεοις.

213 501 335 557 Vid.
364 500 622 575 Epigram.
658 501 828 556 incdit.
862 502 925 555 ad
951 500 1103 574 Idyll.
1127 499 1198 555 II.
1233 515 1297 556 12
1303 518 1355 575 5.
1408 499 1533 556 VII.
1558 518 1650 573 44.
1716 502 1861 577 Qu
1896 515 1945 557 et
1985 502 2094 558 haec
2132 503 2302 577 accipe

213 594 478 653 nunquam
502 576 642 651 prius
667 577 812 631 edita.
875 576 1132 640 StratoniS,
1170 573 1333 630 Anth.
1359 573 1530 648 Ceph.
1556 577 1716 633 MSS.
1759 577 1822 632 L.
1846 578 1881 631 i.
1914 595 1996 634 10.

429 693 620 754 ᾼρνειτοᾳ
642 701 705 735 m
729 695 879 752 Epoem
902 697 1038 733 πκειν
1061 677 1086 739 ἦ
1111 690 1290 750 [ww-pce,
1327 667 1464 729 adito-oo

439 792 444 796 -
506 764 644 811 Αλλαν
677 768 758 809 BN
789 757 1038 808 ΗΓΘΕΟΙΣ
1062 755 1200 826 ἱμέρον
1222 763 1434 818 Ανποχον.
1476 776 1479 825 j

433 854 608 932 Negat
622 855 682 926 se
705 856 930 910 Amorem
955 850 1179 929 peperiffi’
1206 851 1377 916 Venus,
1417 849 1584 905 videns

393 939 397 941 ’
507 929 680 987 Alium
710 929 780 986 sc.
817 931 946 985 inter
971 927 1376 992 adolescentulos»,
1413 924 1663 982 amabilem
1686 922 1988 982 Antiochum.

209 1029 375 1097 Idem,
412 1029 537 1086 ibid.
562 1026 730 1086 MSS.
755 1029 788 1085 i.
825 1030 947 1102 164.

116 1131 119 1133 Δ
217 1128 222 1131 ”
434 1134 682 1211 Εξεφλεφην
705 1138 775 1191 ὅτε
798 1135 949 1194 Θευδᾶς
975 1147 1202 1207 stapam-n
1237 1147 1437 1189 ΠΑΙΣΙΝ
1483 1145 1558 1187 ΕΝ
1590 1141 1755 1191 άλλως,
1799 1155 1802 1159 ’

505 1210 616 1271 Ὀιος
641 1222 913 1268 mammam
934 1231 1117 1286 aquaem
1139 1222 1294 1274 ηελιος.

432 1310 743 1368 Accendebar
764 1310 947 1386 quando
970 1308 1172 1365 ‘Ibeudis
1193 1307 1400 1364 elucebat
1422 1307 1550 1363 inter
1575 1306 1696 1362 alios
1718 1312 1916 1381 pueroS,

509 1387 680 1461 Qalis
690 1387 771 1460 fil
787 1386 996 1444 obom'em
1015 1385 1176 1457 astris.

208 1493 342 1551 Vide
365 1493 561 1550 Dorvil.
598 1492 662 1547 ad
687 1490 952 1548 Chariton.
989 1508 1042 1563 p.
1065 1487 1154 1542 61.
1216 1486 1386 1541 Miror
1415 1484 1729 1558 Stephanum
1766 1482 2008 1543 revocass'e
2043 1483 2127 1540 hic
2163 1502 2305 1539 ποια-ιι

208 1587 332 1627 cum
357 1572 491 1626 reete
514 1589 652 1626 vrato-a
676 1565 868 1625 dederit
889 1565 944 1621 in
968 1564 1184 1649 editione
1208 1561 1294 1617 sua
1317 1558 1662 1634 Anthologiae.

615 1944 1546 2012 EPIGRAMMA
1687 1902 1900 2011 xm.

285 2121 341 2187 D
357 2129 406 2184 E
422 2129 456 2185 S
471 2128 599 2185 UN
613 2128 667 2183 T
703 2127 810 2185 duo
830 2129 982 2204 primi
1005 2131 1306 2204 verficuliwin
1330 2130 1657 2206 Anthologia,
1695 2130 1814 2186 Lib.
1833 2131 1880 2186 I.
1916 2150 2025 2208 cap.
2049 2132 2136 2190 28.
2201 2135 2301 2191 Sed

6 2242 11 2253 «
44 2182 73 2193 κ
156 2202 161 2204 ’
209 2205 484 2260 allinuntur
526 2205 582 2260 in
620 2203 811 2259 scholio
848 2205 1131 2280 marginali,
1173 2225 1284 2280 pag.
1306 2207 1391 2278 56.
1430 2206 1549 2261 edit.
1586 2205 1819 2260 Wechel.
1885 2208 1966 2261 Ibi
2005 2209 2069 2262 de
2101 2210 2303 2280 gemina

208 2281 408 2335 Venere
430 2280 543 2335 vide
565 2279 853 2335 Brodaeum.
908 2281 1130 2335 Necnon
1153 2282 1367 2335 Lucian.
1397 2281 1532 2335 Dial.
1559 2281 1766 2335 Mei-etr.
1799 2299 1914 2354 pag.
1937 2301 2005 2358 97
2012 2301 2061 2354 3.
2086 2283 2155 2337 D.
2182 2285 2298 2339 edit.

205 2355 495 2410 Bourdelot.
519 2353 808 2409 Meurfium
832 2354 897 2408 ad
922 2355 1174 2409 Caffandr.
1201 2354 1524 2429 Lycophron.
1563 2374 1611 2409 v.
1635 2375 1656 2412 1
1673 2374 1754 2411 12.
1818 2357 2293 2428 Harpocrationem,

207 2431 274 2485 V.
299 2423 527 2503 Ποινὸημος
550 2439 671 2505 Αφρ.
706 2429 996 2503 ibidemque
1019 2428 1357 2486 Mauffacium
1380 2442 1430 2485 et
1454 2430 1733 2484 Valefium.
1791 2430 2012 2485 Omiffos
2037 2432 2296 2487 versiculos
2391 2429 2395 2431 ’

206 2504 358 2560 habet
379 2505 673 2579 CallierguS.

282 2580 349 2634 V.
370 2601 422 2657 3.
441 2609 517 2622 —-
531 2580 679 2654 Ειχι]
717 2578 1006 2634 Florentina
1028 2579 1246 2653 agnoscit
1270 2600 1392 2646 εει-χε.

281 2656 353 2718 V.
377 2673 430 2730 5.
470 2651 692 2724 Κηὸομὸμω
717 2656 842 2732 φωρ]
883 2654 1014 2709 Haec
1041 2667 1098 2708 ut
1123 2653 1192 2710 ita
1211 2652 1487 2729 prostarent
1509 2650 1804 2708 emaculavit
1829 2653 2131 2728 Stephanus.
2189 2656 2295 2710 Ve-

205 2741 332 2786 teres
355 2729 680 2786 vitiofiffime.

620 3086 1543 3151 EPIGRAMMA
1687 3086 1885 3148 XIV.

2 3257 33 3308 ’Ῠ
184 3287 186 3290 ’
283 3271 326 3325 Ρ
343 3273 395 3326 U
410 3274 457 3328 L
476 3277 522 3330 C
542 3275 601 3330 H
622 3276 668 3330 E
688 3278 739 3331 R
755 3277 847 3331 RI
867 3276 934 3330 M
949 3278 1000 3330 A
1044 3273 1147 3328 fere
1185 3275 1313 3339 sunt,
1361 3291 1539 3328 eorum
1575 3284 1688 3346 qu‘ae
1726 3274 1902 3326 Graeca
1945 3257 2291 3348 compleffltur

212 3347 538 3422 Anthologia‚
576 3353 799 3406 carmina
835 3348 1189 3424 Sepulchralia.
1251 3352 1491 3419 Qorum
1535 3350 1740 3420 quidem
1779 3348 1965 3401 librum
2006 3351 2205 3421 collegit
2240 3355 2290 3405 in
2320 3374 2324 3375 ⁷

209 3421 393 3476 minori
431 3425 514 3478 illa
538 3426 891 3480 Constantinus
917 3423 1190 3497 Cephalas;
1240 3442 1399 3496 quem
1440 3423 1606 3494 primo
1631 3422 1714 3476 Cl.
1743 3421 1977 3476 Reiskius
2021 3425 2143 3477 inter
2172 3427 2289 3478 alios

209 3495 460 3569 integrum
498 3500 670 3556 edidit.
733 3495 855 3554 Hoc
893 3511 942 3552 et
973 3501 1179 3571 sequens
1206 3499 1538 3571 Epigramma
1577 3497 1806 3549 nonnulli
1845 3514 1934 3569 pro
1962 3516 2063 3555 uno
2086 3498 2286 3553 habent.

70 3574 95 3615 '³³
207 3566 448 3647 ¹Denique
472 3575 718 3630 omittitur
744 3575 842 3630 hoc
868 3575 1086 3629 Carmen
1111 3573 1164 3628 in
1192 3573 1488 3646 Appendice
1515 3571 1852 3644 Anthologiae.

1252 3648 1567 3701 Mmmm
2069 3647 2289 3702 EPI-
