2852 4004
468 273 528 332 iv
963 243 1980 318 PRAEFATIO.

470 380 746 447 Hudsoni
772 385 808 453 ¹,
870 371 1065 437 Bafilii
1120 369 1414 433 Kennetti
1436 375 1478 443 ²,
1536 362 1919 445 aliorumque
1974 356 2244 443 plurium
2268 406 2273 409 ..
2285 350 2508 438 quibus

473 489 619 535 tunc
651 469 842 554 viguit
871 489 959 527 res
990 462 1265 536 literaria,
1298 454 1597 521 desideriis
1627 455 1852 514 interea
1883 449 2277 531 satisfaceret3
2328 466 2530 506 cum-<

471 585 590 648 que
636 558 749 621 illis
801 554 996 619 multa
1049 576 1125 615 ex
1174 549 1358 613 Italiae
1405 542 1781 609 bibliothecis
1838 565 1872 645 a
1929 537 1984 600 se
2026 535 2348 641 descripta,
2411 536 2510 620 ip-

472 652 671 715 sorum
718 646 849 710 usui
894 643 1116 719 futura,
1167 638 1665 704 communicaret.
1742 635 1813 694 In
1850 627 2146 715 Angliam
2186 625 2352 702 dem,
2403 647 2512 711 per

476 746 785 804 Genevam
809 748 825 778 ³
864 732 1228 819 Parisiosque
1251 739 1295 807 4,
1347 727 1567 802 rediit;
1639 724 1808 809 largo
1857 716 2277 808 hujuscemodi
2319 738 2535 803 penu,

472 828 803 915 amplisque
827 827 1031 912 copiiS,
1065 821 1308 885 abunde
1339 819 1562 881 ditatus
1591 830 1651 877 et
1681 810 1949 877 refertus
2007 814 2099 872 Ea
2127 823 2337 871 autem
2371 830 2512 870 om-

473 923 593 995 nia,
642 941 788 980 cum
822 915 1028 978 multis
1073 914 1275 978 libris⁵
1310 905 1622 972 rarissimis·
1658 920 1720 967 et
1750 903 1959 988 magni
1999 901 2197 987 pretii,
2249 923 2358 986 pro
2405 897 2513 960 suo

474 1013 537 1073 in
593 1006 964 1070 academiam
1014 998 1423 1066 Oxoniensem
1470 1019 1695 1072 amore,
1747 990 2127 1056 bibliothecae
2176 989 2514 1053 Bodleianae

474 1099 759 1186 supremis
826 1093 1041 1159 tabulis
1072 1092 1091 1123 ⁶
1137 1092 1374 1177 legavit,
1445 1104 1720 1150 mortuus
1777 1085 2013 1147 circiter
2074 1086 2154 1144 A.
2182 1084 2264 1144 D.
2322 1103 2397 1163 17
2407 1102 2510 1164 50.

475 1194 720 1252 Horum
755 1210 901 1259 vero„
928 1184 1454 1256 collectaneorum,
1509 1192 1816 1265 quotquot
1856 1176 2069 1260 utique
2105 1166 2516 1235 Theocritum
2651 1220 2654 1226 .

474 1278 744 1343 nostrum
775 1277 1117 1363 respiciunt,
1168 1272 1268 1334 hic
1301 1269 1595 1358 syllabum
1631 1269 2034 1351 notitiamque
2064 1261 2443 1350 subjecimus.

592 1374 639 1431 Ι.
700 1369 888 1429 Variae
938 1366 1247 1428 Lectiones
1311 1361 1602 1424 tredecim
1665 1357 1951 1422 codicum
2000 1354 2443 1418 Vaticanorum
2468 1362 2533 1431 ⁷,‚

474 1464 708 1523 Romae.

1582 1617 1607 1655 4
1635 1604 1715 1643 Ubi
1731 1601 1938 1653 transcripsit
1952 1615 1972 1640 e
1991 1601 2117 1640 codice
2136 1601 2234 1648 regio
2254 1601 2517 1649 Anthologiam

476 1620 502 1638 “
524 1615 585 1665 qui
612 1614 659 1651 est
688 1613 733 1651 ad
758 1612 865 1649 finem
898 1611 1213 1661 manuscriptorum
1240 1607 1454 1651 bibliorum,
1529 1656 1753 1697 Constantini
1780 1655 1963 1704 Cephalae.
2017 1655 2142 1694 Habet
2171 1654 2315 1693 Scholia
2349 1655 2516 1706 quaedam

476 1671 504 1688 ‘¹
525 1682 569 1705 ex
589 1668 718 1715 quibus
738 1664 954 1715 septuaginta
971 1665 1179 1713 interpretes
1201 1660 1315 1700 edidit
1334 1661 1455 1697 Sixtus

477 1726 505 1743 ‘⁸
527 1721 578 1758 V.
598 1721 636 1758 P.
654 1721 710 1756 M.
731 1718 846 1755 editus
867 1717 963 1763 effer,
983 1716 1099 1767 qualis
1118 1716 1179 1762 est,
1194 1716 1266 1752 fine
1286 1714 1453 1751 ullamn-

477 1777 505 1793 “
526 1773 680 1811 tatione!
727 1770 904 1808 Praestaret
935 1769 1107 1819 ejusmodi
1138 1769 1303 1806 codicem
1332 1766 1453 1811 edere,
1528 1766 1679 1803 nuncin
1699 1762 1915 1800 bibliotheca
1934 1763 2140 1800 Bodleiana.

1529 1712 1685 1754 Graeca;
1724 1722 1807 1747 cum
1837 1709 2052 1757 conjeuur'is
2083 1709 2239 1759 Guyeti,
2276 1719 2312 1747 et
2345 1709 2409 1747 sui.
2456 1708 2518 1748 Est
2597 1704 2603 1707 “

479 1829 506 1847 “
527 1838 633 1876 quam
658 1824 833 1873 judicium
864 1823 1063 1861 cardinalis
1089 1822 1265 1866 Ximenfi,
1292 1830 1351 1857 aut
1382 1832 1451 1869 po-

478 1882 506 1899 “
528 1880 596 1916 tius
616 1875 926 1927 Complutensium
956 1875 1193 1920 eruditorum,
1223 1873 1281 1911 vel
1301 1871 1454 1909 Roberti

477 1935 505 1952 ‘⁶
528 1930 709 1981 Stephani,
745 1930 864 1978 sequi;
898 1930 959 1978 qui
990 1930 1068 1978 jure
1096 1927 1194 1965 nullo
1214 1925 1455 1974 antiquissimis

484 1989 512 2005 ‘⁶
537 1985 722 2021 codicibus
750 1981 917 2032 sepositis,
956 1981 1170 2019 recentiores
1198 1979 1334 2031 sequuti
1364 1978 1454 2015 sunt.

479 2042 507 2059 “
529 2038 598 2075 Sed
623 2042 664 2075 ea
682 2036 726 2073 de
757 2048 795 2072 re
823 2034 918 2072 alias.
969 2034 1223 2071 Valetudinem
1254 2042 1392 2075 curat0,
1421 2040 1458 2068 et

480 2095 508 2112 ‘⁶
530 2090 641 2128 oculis
671 2088 819 2139 parcito.
868 2088 977 2138 Siqua
1004 2088 1041 2124 in
1073 2100 1126 2133 re,
1155 2087 1220 2124 tibi
1243 2095 1306 2123 aut
1332 2085 1456 2122 amicis

480 2147 508 2164 “
530 2143 626 2180 utilis
654 2142 767 2179 nostra
786 2153 894 2190 opera
912 2141 978 2178 effe
998 2150 1117 2191 queat,
1146 2153 1187 2177 ea
1211 2138 1321 2177 libere
1350 2138 1457 2174 utaris

479 2199 506 2218 “
529 2195 659 2247 quaeso.
704 2194 811 2243 Vale,
849 2193 1041 2230 doetiffime
1072 2193 1288 2236 adolescens,
1325 2202 1361 2228 et
1391 2204 1457 2227 nos

478 2245 507 2270 ἡ
527 2260 644 2287 amare
660 2260 781 2298 perge.
810 2246 954 2283 Dabam
967 2245 1166 2285 Amstelod.
1181 2259 1214 2283 a.
1232 2245 1268 2282 d.
1282 2257 1343 2282 xv.
1369 2244 1456 2282 Idus

478 2305 507 2323 “
527 2302 650 2351 Julias.
686 2301 829 2350 1709.”

537 2366 550 2390 1
586 2357 614 2374 “
635 2352 812 2392 Hudsono
838 2352 969 2398 nostro,
1005 2352 1067 2402 qui
1095 2364 1226 2388 novam
1260 2350 1456 2388 editionem

478 2410 507 2428 “
526 2407 683 2453 Longini
700 2406 772 2446 ref&
791 2403 883 2452 ὑψκς
903 2407 1062 2451 adornat,
1091 2405 1330 2450 fragmentum
1353 2416 1456 2441 com-

480 2463 509 2481 “
530 2459 692 2498 mentarii
719 2459 757 2495 in
787 2458 1077 2507 Hephaestionem
1109 2458 1180 2498 rufa
1214 2473 1354 2509 μετςων,
1393 2470 1458 2507 per

479 2515 507 2533 ‘⁸
528 2513 731 2562 proximum
751 2511 968 2548 tabellarium
988 2511 1136 2548 mitt0.”
1181 2510 1457 2546 Sanetamandus

480 2566 515 2614 J.
547 2565 705 2602 Clerico.
747 2564 858 2600 Rom.
890 2576 1003 2613 1709.
1053 2565 1135 2610 Qua
1169 2564 1214 2600 de
1245 2575 1283 2599 re
1317 2563 1365 2600 ita
1392 2562 1455 2600 Cl.

479 2617 688 2661 Hudsonus,
705 2617 739 2652 in
762 2616 899 2653 Praefat.
919 2616 963 2653 ad
974 2617 1130 2662 Longin.
1153 2629 1232 2665 pag.
1247 2616 1310 2652 vii.
1341 2620 1368 2636 “
1383 2624 1459 2668 Πιςι

479 2673 508 2690 “
524 2682 649 2719 μειιςωγ
681 2669 884 2706 libellus—
901 2669 1001 2717 cujus
1028 2670 1249 2719 particulam,
1284 2669 1460 2706 beneficio

481 2726 509 2743 ‘⁸
532 2722 703 2759 clariffimi
727 2721 867 2771 juvenis
897 2721 1023 2771 jacobi
1058 2723 1103 2759 de
1133 2724 1170 2759 S.
1196 2722 1365 2759 Amando
1400 2722 1458 2759 hic

481 2777 510 2795 “
529 2775 600 2812 loci
625 2774 791 2811 exhibere
810 2787 883 2811 non
907 2774 1175 2820 gravabimur.”
1216 2774 1396 2812 Promittit
1423 2785 1460 2812 et

480 2828 518 2865 in
549 2827 657 2864 literis
683 2827 794 2864 modo
825 2827 928 2864 dictis
958 2821 1233 2865 Sanctaman'dus
1264 2827 1391 2872 noster,
1425 2829 1458 2865 se

481 2880 663 2917 missurum
682 2880 787 2916 etiam
807 2889 971 2929 excerpta
990 2893 1009 2917 e
1029 2880 1157 2925 lexico,
1174 2881 1274 2930 cujus
1293 2880 1459 2919 meminit

481 2933 518 2971 in
537 2933 743 2982 praefatione
764 2931 808 2967 ad
832 2931 1035 2978 Longinum
1056 2934 1213 2970 Tollius.

538 2997 559 3021 2
587 2985 733 3022 Horum
762 2984 997 3034 plurimorum
1023 2985 1114 3022 datae
1145 2986 1221 3023 sunt
1246 2985 1291 3022 ad
1311 2985 1457 3023 Sancta-

487 3036 658 3074 mandum
677 3036 802 3074 literae.
851 3037 960 3074 MSS.
984 3038 1087 3075 Bodl.
1111 3048 1148 3075 ut
1166 3039 1258 3087 supr.

539 3102 558 3139 3
589 3092 616 3109 “
631 3089 731 3126 Hinc
755 3090 874 3135 igitur,
895 3091 1037 3127 ineunte
1059 3092 1175 3135 Maio,
1199 3090 1375 3128 discedere
1394 3091 1459 3128 sta-

483 3145 512 3163 “
531 3142 595 3186 tui,
617 3136 803 3179 Genevam
823 3142 1003 3192 primum;
1033 3143 1115 3180 inde
1134 3143 1157 3180 fi
1176 3157 1257 3195 pax,
1271 3144 1371 3191 cujus
1385 3156 1459 3181 non

482 3199 511 3215 “
531 3195 657 3239 exigua
674 3194 748 3244 spes
764 3195 835 3242 jam
857 3195 1015 3240 affulget,
1035 3197 1219 3234 constituta
1236 3197 1356 3242 fuerit,
1379 3197 1458 3232 Lu-

483 3249 511 3265 “
532 3247 651 3283 tetiam
678 3246 872 3284 meditor.''
890 3267 946 3276 —··
964 3248 1152 3286 “Amicos
1176 3250 1324 3294 longum
1343 3248 1460 3296 valere

483 3301 511 3318 “
529 3299 640 3346 jube:
680 3300 896 3337 Florentiam
915 3302 1011 3339 enim
1040 3302 1212 3339 revisendi
1236 3315 1280 3339 ne
1300 3301 1359 3338 vel
1388 3302 1461 3338 mi-

484 3353 511 3370 “
533 3351 628 3387 nima
650 3348 726 3400 spes
746 3351 946 3402 ,superestfl‘
992 3353 1267 3394 Sanctamandus
1288 3354 1460 3399 Salvinio,

487 3403 598 3440 Rom.
624 3415 800 3454 1709.-
817 3415 874 3444 10.

1585 1831 1602 1869 5
1635 1816 1775 1855 Multos
1800 1815 1909 1853 etiam
1927 1816 2082 1862 collegio
2104 1813 2343 1853 Lincolnienfi
2369 1815 2512 1863 legavit.

1530 1871 1614 1908 Fuit
1634 1871 1684 1907 illi
1702 1870 1740 1907 in
1758 1869 1894 1914 animo,
1924 1882 2053 1915 augere
2072 1867 2242 1918 stipendia
2267 1868 2533 1918 praefectorum*

1530 1924 1756 1961 bibliothecae
1777 1921 1994 1960 Bodleianae.
2032 1922 2090 1959 Ex
2110 1922 2271 1959 Testam.
2308 1922 2367 1959 lbi
2386 1922 2520 1960 dicitur

1531 1977 1630 2016 fuisse
1651 1990 1670 2014 e
1691 1975 1857 2026 parochia
1877 1975 1912 2012 S.
1932 1975 2084 2021 Georgii
2105 1975 2296 2024 Martyris,
2325 1975 2499 2015 Londini.

1586 2029 1609 2066 6
1638 2030 1724 2068 Dat.
1758 2027 1909 2074 August.
1929 2042 1965 2078 9.
2002 2039 2115 2080 1749.
2166 2027 2331 2078 Sepultus
2357 2029 2454 2079 jacet
2481 2029 2518 2066 in

1529 2083 1677 2121 claustro
1694 2081 1887 2132 Hospitalis
1904 2081 2050 2128 Christi,
2070 2081 2231 2120 Londini
2245 2097 2259 2125 3
2287 2082 2390 2131 cujus
2409 2084 2519 2121 etiam
2536 2124 2539 2129 .
2569 2095 2574 2103 ·

1530 2137 1734 2174 benefaetor
1753 2135 1880 2173 extitit.
2006 2168 2010 2169 ⁷

1586 2202 1608 2238 7
1637 2189 1723 2226 Viz.
1756 2189 1788 2225 Ι.
1817 2188 1931 2226 MSS.
1960 2188 2126 2226 vatican.
2162 2196 2273 2226 notat.
2293 2200 2355 2239 50.
2387 2187 2425 2225 in
2450 2187 2518 2227 fol.

1529 2241 2022 2333 iiiiwpissiissihffffssne'?
2027 2239 2519 2333 ⁰2³1p³13i33111831¹3h⁰533111ffi

1529 2359 1598 2387 tur.
1634 2349 1691 2387 11.
1714 2348 1828 2386 MSS.
1846 2348 2012 2386 Vatican.
2030 2357 2146 2387 notat.
2162 2359 2226 2399 95.
2252 2348 2291 2386 in
2309 2347 2374 2385 fol.
2391 2347 2428 2385 in
2439 2345 2525 2398 guo}

1529 2403 1637 2440 etiam
1673 2401 1842 2439 nonnulla
1873 2401 2031 2449 Pindari,
2071 2402 2244 2447 Homeri,
2279 2400 2446 2446 Hesiodi,
2483 2409 2521 2440 et

1532 2455 1710 2506 AEschyli,
1730 2457 1970 2492 continentur.
2017 2457 2093 2494 III.
2114 2455 2232 2493 MSS.
2260 2455 2423 2493 Vatican.
2447 2466 2519 2492 no·

1531 2518 1594 2547 tat.
1616 2511 1677 2558 38.
1709 2508 1747 2545 in
1766 2518 1882 2558 quart.
1905 2507 1942 2545 in
1962 2522 2036 2558 quo
2054 2508 2225 2546 nonnulla
2252 2508 2360 2554 etiam
2379 2507 2520 2546 Aristo·

1530 2561 1656 2612 phanis
1685 2561 1851 2607 Hesiodi,
1895 2561 2123 2611 Pythagorae,
2161 2570 2198 2599 et
2218 2561 2392 2612 Oppiani.
2439 2561 2518 2599 lv.

1531 2615 1644 2653 MSS.
1678 2615 1842 2652 Vatican.
1875 2624 1988 2653 notat.
2013 2616 2127 2666 1825.
2161 2615 2198 2652 in
2226 2624 2342 2666 quart.
2374 2614 2412 2652 in
2441 2627 2520 2665 quo

1530 2668 1700 2705 nonnulla
1722 2667 1967 2717 Aristophanis
1998 2679 2033 2706 et
2054 2668 2220 2706 Hesiodi.
2267 2667 2408 2706 Desinit
2434 2679 2521 2705 cum

1530 2721 1601 2759 fine
1628 2720 1739 2771 Idyll.
1760 2721 1860 2758 xviii.
1909 2721 1959 2758 V.
1987 2721 2103 2760 MSS.
2126 2722 2293 2759 Vatican.
2320 2729 2434 2758 notat.
2450 2732 2542 2772 42„

1532 2775 1570 2811 in
1599 2788 1672 2824 quo
1707 2773 1878 2811 nonnulla
1907 2770 2071 2822 Pindari,
2111 2774 2276 2825 Dionysii
2310 2774 2520 2821 Periegetae,

1533 2827 1661 2878 Cyprii
1680 2827 1836 2878 epistolae
1853 2837 1888 2864 et
1902 2819 2075 2878 Cypriani
2094 2827 2408 2878 Chartophylacis.
2445 2827 2518 2866 VI.

1532 2881 1645 2918 MSS.
1659 2880 1824 2918 Vatican.
1842 2890 1952 2919 notat.
1971 2893 2060 2932 913.
2074 2881 2117 2931 in
2136 2882 2253 2919 oCtav.
2287 2881 2382 2920 VII.
2403 2880 2519 2920 MSS.

1531 2933 1697 2980 Vatican.
1730 2943 1843 2970 notat.
1859 2946 1922 2985 39.
1951 2935 1990 2971 in
2015 2934 2129 2972 oCtav.
2161 2934 2199 2971 in
2225 2948 2298 2985 quo
2328 2933 2521 2984 Anonymi

1530 2986 1648 3024 versus
1663 2986 1828 3036 quidam,
1847 2999 1989 3024 necnon
2005 2986 2160 3025 Hefiodi
2177 2995 2214 3025 et
2235 2987 2410 3038 Oppiani.
2447 2986 2520 3024 Us-

1530 3053 1600 3089 que
1627 3038 1672 3076 ad.
1697 3039 1804 3076 finem
1831 3046 2206 3079 ΑΔΩΝΙΛΖΟΥΣΩΝ
2232 3038 2359 3078 cuneta
2387 3038 2521 3090 Idyllia

1532 3092 1659 3129 ordine
1680 3092 1799 3130 habet.
1846 3092 1938 3131 Inde
1966 3106 2067 3138 vero,
2096 3092 2226 3130 omiffis
2252 3092 2394 3143 Idylliis
2422 3094 2518 3130 duo·
2592 3094 2597 3096 ’

1534 3146 1612 3190 bus,
1650 3145 1722 3183 viz.
1750 3146 1824 3183 xvi.
1856 3155 1892 3182 et
1916 3146 2001 3183 xvii.
2041 3146 2112 3183 itur
2141 3145 2187 3182 ad
2209 3146 2308 3183 xviii.
2352 3145 2522 3196 Sequitur

1533 3198 1769 3248 Epitaphium
1788 3198 1926 3244 Bionis,
1956 3199 2015 3236 eui
2041 3198 2234 3236 succedunt
2256 3198 2368 3249 Idyll.
2388 3198 2516 3236 xxviii.

1532 3260 1568 3288 et
1598 3251 1680 3287 0610
1712 3251 1819 3300 primi
1839 3252 1955 3289 versus
1985 3250 2094 3301 Idyll.
2113 3251 2214 3290 xxix.
2261 3252 2362 3289 Cum
2389 3250 2537 3302 quibua,

1532 3303 1657 3341 definit
1674 3303 1735 3341 hic
1764 3303 1894 3342 codex.
1941 3304 2057 3342 VIII.
2079 3304 2194 3342 MSS.
2218 3303 2382 3343 Vatican.
2403 3313 2537 3352 notat.⁴

1534 3367 1600 3406 40.
1627 3357 1666 3395 in
1682 3366 1799 3409 quart.
1827 3358 1866 3396 in
1889 3371 1963 3409 quo
1987 3356 2159 3396 nonnulla
2185 3356 2293 3395 etiam
2311 3356 2455 3395 Pindari
2482 3366 2519 3396 et

1660 3430 1662 3432 v
2313 3409 2521 3468 Sophoclis.
