2852 4004
444 293 572 336 XXX
682 292 758 332 DE
812 292 988 333 POESI
1041 293 1348 334 BUCOLICA
1401 293 1763 334 GRAECORUM
1813 289 2294 333 DISSERTATIO..

451 403 495 433 “
520 393 648 468 nit3
702 403 946 476 propter
994 389 1385 454 immutatam
1420 385 1649 476 prorsus
1694 412 1729 450 a
1764 388 1972 474 primis
2017 382 2235 447 mundi
2269 378 2493 445 saeculis

451 492 494 523 “
519 505 721 544 rerum
761 498 821 542 et
851 481 983 542 vitae
1029 479 1313 543 humanae
1366 480 1804 544 conditionem.
1885 481 2050 539 Cum
2085 476 2272 551 enim,
2316 475 2495 535 'extra

448 583 491 614 “
516 573 758 660 ple-bem
802 569 1076 634 miseram
1125 587 1308 658 atque
1341 569 1722 635 inhonestam
1757 567 1910 632 nulli
1945 588 2111 634 nunc
2142 563 2262 629 fint
2293 562 2494 651 pasto-

450 675 492 705 “
514 688 623 741 re8‚
660 663 837 725 nimis
869 661 1020 724 dura
1054 679 1114 725 et
1144 667 1350 726 coacta
1383 664 1619 726 videtur
1652 660 2080 748 prosopopoeia
2099 682 2118 734 3
2168 655 2262 719 vel
2293 653 2495 742 pasto-

451 755 681 817 “ribus
730 755 837 840 qui
891 777 1059 816 nunc
1104 752 1242 816 sunt
1289 754 1650 841 elegantiam
1705 768 1811 814 aut
1857 750 2266 815 eruditionem
2295 770 2495 833 quan-

450 856 493 886 “
520 847 738 908 tumvis
769 846 1054 931 exiguam
1084 842 1392 931 affingere,
1444 844 1537 908 vel
1572 844 1784 906 divites
1815 858 1875 905 et
1909 841 2116 903 doctos
2150 838 2260 902 sub
2295 835 2495 925 pasto—

451 947 493 976 “
518 961 658 999 rum
700 936 893 1023 specie
936 934 1243 998 inducere.
1331 940 1428 998 De
1461 934 1620 998 facto
1673 933 1802 997 haec
1846 934 2054 995 omnia
2100 932 2336 997 veritati
2380 929 2496 992 efle

450 1039 495 1069 “
520 1029 817 1090 contraria
845 1024 1127 1090 universis
1160 1025 1540 1090 notissimum
1572 1023 1678 1102 est,
1729 1024 1990 1110 ideoque
2025 1022 2227 1085 nulius
2262 1018 2496 1095 fictioni

450 1130 494 1160 “
519 1117 695 1181 restat
726 1117 894 1180 locus
913 1143 944 1194 3,
984 1140 1054 1186 ac
1085 1117 1338 1204 proinde
1361 1115 1558 1204 ipsum
1593 1115 1771 1204 hujus
1802 1116 2096 1202 poematis
2124 1111 2501 1177 fundamen-

450 1221 493 1250 “
522 1226 655 1273 tum
696 1208 828 1271 tolli
859 1207 1117 1285 videtur,
1167 1223 1348 1294 prout
1392 1206 1602 1271 nostris
1645 1206 2020 1293 temporibus
2061 1205 2498 1268 accommoda-

451 1312 494 1343 “
521 1317 619 1368 tur
642 1299 722 1362 ¹.'’
795 1303 947 1363 Haec
979 1301 1042 1360 T
1044 1300 1305 1387 rappiuS.
1378 1301 1686 1362 Caeterum
1728 1295 1775 1361 fi
1810 1295 2218 1359 concedamus
2263 1298 2497 1380 immu-

445 1393 559 1455 tari
602 1388 835 1477 prorsus
868 1413 903 1452 a
932 1390 1140 1475 primis
1185 1388 1404 1457 mundi
1437 1388 1659 1453 saeculis
1696 1412 1900 1452 rerum
1950 1403 2011 1450 et
2045 1390 2180 1451 vitae
2212 1386 2498 1455 humanae

445 1482 885 1559 conditionem,
935 1479 1253 1568 nullosque
1296 1479 1479 1543 hodie
1515 1478 1773 1567 pastores
1818 1477 2066 1544 existere
2111 1494 2322 1567 praeter
2365 1479 2499 1568 ple-

445 1575 589 1638 bem
621 1571 898 1636 miseram
942 1587 1124 1658 atque
1174 1570 1556 1636 inhonestam
1575 1597 1595 1650 ;
1646 1570 1694 1635 fi
1731 1587 1939 1635 tamen
1977 1569 2360 1658 respiciamus
2398 1573 2498 1636 in—

445 1682 626 1742 terea,
676 1666 786 1751 qui
834 1662 909 1725 fit
953 1662 1190 1750 poeseos
1243 1661 1424 1752 ipfius
1470 1663 1608 1727 usus
1651 1679 1713 1726 et
1747 1660 2090 1742 confilium,
2139 1686 2229 1726 res
2273 1687 2498 1751 nempe

416 1786 419 1788 >
444 1781 571 1820 non
602 1755 808 1843 quales
839 1753 997 1832 sunt,
1035 1753 1134 1818 sed
1164 1754 1370 1842 quales
1400 1753 1516 1818 effe
1539 1754 1784 1834 debent,
1815 1753 2098 1818 exhibere
2118 1780 2137 1817 ε
2187 1778 2313 1819 non
2344 1755 2498 1820 adeo

444 1848 597 1912 dura
646 1846 948 1911 videbitur
1003 1863 1065 1909 et
1127 1852 1336 1910 coacta
1392 1846 1844 1936 prosopopoeia.
1937 1850 2153 1910 Fateor
2208 1846 2500 1934 equidem

441 1938 896 2027 quamplurima
950 1939 1015 2001 in
1065 1936 1343 2025 pastorali
1390 1941 1661 2003 carmine
1710 1937 2139 2026 repraesentata,
2209 1937 2288 2001 de
2335 1936 2510 2007 facto·

442 2032 678 2105 veritati
710 2028 824 2092 effe
857 2031 1176 2107 contraria,
1218 2028 1314 2093 vel
1348 2029 1558 2095 saltem
1588 2029 1761 2095 valde
1790 2027 2114 2095 diffimilia.
2188 2034 2329 2118 Qa
2357 2054 2505 2096 vero

443 2124 675 2186 ratione
706 2122 821 2184 rite
858 2120 1065 2207 colligi
1103 2119 1283 2208 possit
1326 2122 1543 2186 exinde
1578 2121 1823 2186 nullum
1858 2121 2087 2186 idcirco
2122 2119 2357 2187 fictioni
2399 2147 2498 2188 re-

444 2211 593 2286 stare
639 2211 898 2276 locum?
977 2211 1216 2278 Eodem
1256 2213 1445 2286 modo
1484 2215 1548 2278 in
1581 2213 1909 2303 Tragoedia
1953 2212 2030 2277 fit
2057 2213 2501 2302 repraesentatio

442 2306 679 2369 veritati
715 2319 777 2367 et
810 2300 967 2366 facto
1004 2305 1301 2367 contraria
1333 2303 1428 2367 vel
1463 2304 1796 2386 diffimilis3
1848 2329 1974 2369 non
2009 2322 2217 2372 tamen
2247 2330 2383 2370 eam
2413 2306 2503 2371 ob

445 2420 576 2459 rem
619 2410 845 2459 naturae
888 2410 949 2457 et
995 2397 1348 2483 proprietati
1400 2395 1772 2461 disconvenit
1825 2399 2091 2462 imitatio
2141 2397 2495 2463 dramatica.

446 2491 591 2551 Hoc
635 2485 888 2573 quidem
935 2491 1114 2573 pacto
1155 2510 1340 2550 nemo
1386 2486 1556 2552 sanus
1601 2486 1786 2553 hodie
1830 2488 2109 2553 scriberet
2139 2489 2493 2577 tragoedias;

444 2580 741 2665 quoniam
780 2578 843 2639 in
878 2578 999 2639 vita
1045 2577 1169 2665 ipsa
1214 2602 1340 2641 non
1388 2577 1654 2643 existunt
1708 2579 1918 2644 heroes
1964 2581 2334 2659 cothurnati,
2387 2585 2496 2670 qui

446 2685 644 2732 metro
666 2665 991 2754 magnifice
1019 2667 1376 2755 loquuntur.
1444 2672 1764 2735 Nimirum
1797 2673 1860 2735 in
1887 2671 2003 2736 hac
2037 2689 2098 2735 et
2129 2675 2194 2736 in
2229 2672 2333 2735 illa
2363 2672 2496 2760 spe-

446 2762 540 2822 cie
587 2758 982 2846 archetypum
1037 2759 1369 2846 quendam,
1420 2759 1538 2824 five
1584 2763 1914 2852 exemplar,
1963 2765 2238 2828 imitatur
2288 2782 2491 2853 poeta,

447 2875 573 2917 non
613 2848 857 2936 qualem
887 2849 1057 2927 vidit,
1106 2850 1204 2914 sed
1234 2851 1481 2938 qualem
1516 2852 1713 2917 vellet.

539 2940 873 3028 Agendum
912 2964 1077 3004 nune
1107 2941 1183 3006 de
1215 2941 1568 3029 pastoribuS‚
1618 2942 1737 3009 five
1774 2945 2061 3033 personis,
2103 2945 2326 3033 quibus
2355 2970 2494 3035 par-

449 3047 536 3095 tes
586 3034 651 3094 in
710 3033 893 3094 veteri
941 3035 1295 3097 Graecorum
1349 3034 1627 3099 bucolica
1667 3035 1834 3124 poefi
1882 3039 1994 3101 rite
2046 3037 2489 3104 tribuebantur.

449 3126 638 3188 Fuere
687 3121 775 3187 illi
806 3122 1084 3204 Bubulci,
1143 3122 1261 3187 five
1303 3127 1412 3212 qui
1454 3126 1614 3205 boes,
1665 3128 2002 3216 Upiliones,
2052 3127 2172 3194 five
2200 3132 2310 3218 qui
2353 3124 2491 3195 oves

1141 3317 1161 3345 ι
1190 3305 1346 3346 Ρτεῑεᾶ.
1368 3307 1505 3351 poetic.
1525 3310 1599 3351 xiv,
1628 3309 1674 3351 ad
1692 3311 1783 3350 calc.

2163 3388 2486 3491 curabant,v
