2852 4004
521 319 599 362 DE
655 307 832 362 romi
887 319 1196 361 Bucoch
1253 318 1622 362 GRAECORUM
1674 323 2129 369 DrssERTArio.
2257 326 2381 369 xxv

299 412 493 477 Haud
521 413 686 478 secus
715 437 788 486 ac
823 414 935 501 qui
965 415 1031 478 in
1066 416 1252 477 veteri
1287 414 1591 492 comoedia
1625 415 1682 478 se
1714 417 1789 480 ad
1823 420 2136 506 parabafin
2171 424 2379 488 accin-

298 521 478 591 gunt,
511 504 932 580 ,instrumenta
965 529 1102 593 quae
1147 505 1353 570 secum
1398 503 1555 570 forte
1587 508 1844 574 attulere
1877 512 2221 600 deponunt,
2272 532 2379 579 aut

298 595 416 659 illis
451 598 701 662 tradunt
730 622 899 685 *quos
937 607 1161 668 Ακολεςῖυι
1192 613 1448 661 vocant:
1511 600 1605 661 uti
1637 596 1711 662 fit
1743 602 1807 664 in
1844 620 2107 666 ΕΙΡΗΝΗι
2141 604 2379 670 Aristo-

300 686 533 775 phaniS.
599 693 813 777 thue
848 688 1134 776 deinceps
1168 691 1233 753 in
1272 713 1521 753 ANDRIA
1563 693 1841 756 Terentii
1872 693 2106 760 factum
2129 694 2235 762 est.

579 812 707 872 Vos
739 805 868 871 haec
898 808 1062 889 intro
1093 791 1346 885 auferte,
1396 806 1560 870 abite
1580 816 1617 873 ¹.
1646 847 1831 860 —-—

298 926 609 1013 Denique,
665 924 838 1014 quod
876 941 1063 1014 caput
1107 924 1212 1004 est,
1278 951 1427 990 cum
1480 926 1750 1015 plurima
1796 932 2056 1017 reperire
2090 923 2180 993 fit¹
2213 932 2377 1020 apud

299 1016 621 1082 Theocriti
652 1017 941 1082 Bucolica
975 1018 1417 1082 contumeliose
1447 1021 1611 1084 dicta
1642 1037 1704 1084 et
1739 1021 2112 1099 indecenter,
2164 1025 2229 1087 in
2259 1024 2376 1089 illis

297 1110 525 1174 indicia
554 1108 837 1198 quaedam
872 1134 999 1174 non
1034 1109 1288 1174 obscura
1319 1110 1702 1176 Fescenninae
1743 1113 1904 1176 illius
1935 1112 2213 1194 licentias,
2253 1140 2376 1203 qua

298 1201 493 1291 prisca
538 1201 800 1266 scatebat
840 1202 1163 1280 comoedia,
1220 1202 1522 1291 mimique
1567 1203 1893 1293 praesertim
1943 1205 2138 1293 prisci,
2197 1205 2377 1272 facile

299 1290 612 1382 poffumus
644 1292 966 1382 agnoscere
989 1303 1029 1358 ².
1656 1327 1658 1329 ·

393 1389 548 1449 Haec
593 1384 679 1449 est
725 1410 873 1474 ergo
908 1385 1166 1464 summa,
1217 1386 1532 1476 quodque,
1583 1403 1655 1452 ut
1702 1389 1910 1476 paucis
1966 1387 2376 1476 comprehen-

299 1477 468 1557 dam,
510 1477 685 1566 super
719 1476 835 1542 hac
869 1501 944 1540 re*
969 1476 1363 1543 statuendum
1397 1479 1701 1544 volumus,
1776 1478 2079 1544 Nascente
2101 1482 2236 1569 jam
2267 1506 2395 1566 co·-⁴

297 1570 542 1650 moedia,
595 1568 857 1658 personae
890 1568 1016 1658 ejus
1047 1586 1219 1634 erant
1241 1569 1495 1649 rusticae,
1547 1573 1824 1643 convitiis
1856 1572 2237 1660 projiciendis
2268 1597 2378 1660 ap·-

300 1677 417 1726 tae:
483 1663 641 1726 inter
683 1677 942 1738 caeteraS,
992 1665 1059 1725 in
1104 1661 1346 1726 scenam
1382 1677 1834 1750 nonnunquam
1885 1663 2142 1751 pastores
2189 1665 2376 1728 indu-

301 1753 619 1834 cebantur,
669 1769 730 1817 et
773 1753 1112 1841 agebantur
1160 1752 1501 1842 pastoralia.
1587 1753 2035 1843 Progrediente·
2072 1771 2372 1848 tempore,

358 1950 373 1976 ι
408 1938 494 1976 Ast.
510 1938 536 1975 i.
571 1937 609 1977 S.
630 1938 656 1978 i.
678 1949 711 1976 1.
761 1936 902 1975 Confer
920 1935 1047 1976 Heins.
1069 1936 1174 1976 Lest.
1194 1937 1302 1976 The-

299 1992 408 2032 ocrit.
437 2005 470 2030 c.
484 1992 547 2031 vii.
579 2005 664 2043 pag.
684 1990 773 2042 316.
801 1991 890 2029 edit.
912 2001 952 2028 ut
972 1991 1067 2041 supr.

359 2058 381 2084 2
409 2046 543 2085 Praeter
574 2045 761 2092 Bucolica,
801 2044 973 2083 nonnulla
1007 2044 1074 2082 alia
1107 2044 1300 2083 Theocriti

300 2098 436 2150 Idyllia
481 2111 758 2137 ru'rssnnunra
803 2110 984 2150 secure-A
1024 2097 1127 2135 fuisse
1173 2099 1298 2137 credo.

301 2153 451 2192 Notum
471 2154 534 2198 est,
563 2166 638 2190 non
658 2153 824 2199 exiguam
851 2162 989 2202 partem
1010 2151 1134 2202 Idyllii
1156 2152 1301 2190 secundi

299 2220 322 2245 a
341 2207 543 2258 Sophronis
561 2207 684 2245 mimis
703 2205 943 2256 desumptam.
991 2205 1097 2243 Idem
1117 2206 1223 2244 etiam
1245 2207 1300 2243 di-

301 2261 462 2299 cendum
497 2261 544 2299 de
579 2260 870 2312 quintodecimo,
911 2259 983 2297 five
1019 2272 1300 2299 SYRAcuslls.

301 2314 406 2365 Qid
424 2314 450 2352 fi
469 2328 536 2366 pro
554 2315 759 2353 Mimorurn
777 2313 898 2364 aliquo
919 2326 1048 2360 genere
1067 2313 1220 2363 proinde
1239 2313 1303 2351 ha-

301 2369 456 2407 beantur
475 2369 553 2407 haec
583 2369 780 2420 poemata?
826 2369 941 2406 Porro
963 2367 1076 2404 Mimi
1103 2367 1303 2417 Sophronis

299 2434 428 2470 graves
447 2432 546 2460 erant
565 2434 601 2460 et
622 2421 755 2459 honesti
773 2437 783 2465 3
814 2434 899 2459 cum
919 2431 1134 2458 caeterorum
1162 2420 1306 2459 ridiculi

300 2486 338 2515 et
362 2476 535 2514 obscoeni.
585 2476 629 2514 Id
650 2475 750 2526 quod
781 2475 924 2512 testatur
949 2474 1129 2524 Ulpianus
1157 2474 1202 2512 ad
1223 2475 1303 2513 De·

301 2530 481 2569 mosthen.
495 2529 653 2580 Olynth.
666 2530 704 2566 ii.
719 2549 722 2551 ·
735 2529 929 2567 Demosth.
949 2529 1147 2566 Mounten.
1166 2540 1299 2579 p.307.

299 2584 390 2622 edit.
406 2583 521 2634 1746.
545 2584 628 2623 “oi
646 2599 747 2634 μιμρι
767 2590 932 2632 Σωφροης
951 2589 1209 2621 ΣΠοΥΔΑιοι
1232 2599 1305 2619 cm.

305 2640 504 2677 ΙἈΑΛοι
536 2635 573 2675 δι
600 2654 701 2688 ww
733 2637 971 2674 rEAoror.”
1019 2635 1111 2674 vid.
1146 2646 1181 2673 et
1212 2636 1303 2674 ibid.

302 2705 386 2742 pag.
411 2691 476 2742 63.
524 2691 611 2728 Erat
648 2702 683 2728 et
709 2689 841 2740 species
870 2690 1084 2735 mimorum,
1125 2690 1188 2740 qui
1219 2689 1306 2727 dieti

296 2747 478 2791 ηθολογοι.
527 2744 617 2783 Vid.
653 2744 782 2790 scalig.
815 2744 954 2781 Poetic.
988 2742 1034 2780 L.
1053 2742 1078 2780 i.
1107 2757 1194 2782 mx.
1224 2756 1306 2793 pag.

302 2811 370 2849 43.
400 2799 488 2837 edit.
511 2802 624 2850 ις8ι.
679 2798 805 2848 Inquit
838 2796 981 2843 Suidas‚
1021 2796 1067 2834 de
1102 2797 1307 2847 Sophrone,

304 2856 334 2875 ‘⁴‘
350 2851 508 2904 821&on
525 2867 638 2904 μιμες
655 2851 817 2903 «scalpe-1⁸5,
844 2866 957 2901 μιμκς
976 2858 1306 2889 ΓΥΝΑΙΚΕΙΟΥΣ.

304 2910 334 2928 “
350 2915 422 2945 Em
444 2905 476 2944 ὃς
491 2902 738 2955 κφτκλοραδδιν,
763 2903 932 2956 2130)me
954 2902 1092 2956 Δωςιῶ.
1136 2905 1181 2942 In
1202 2905 1307 2941 Voce

306 2962 336 2981 ‘⁸
355 2967 567 2999 ΣΩΦΡΩΝ.
599 2958 745 3007 Scripfit
763 2961 877 2995 mimos
891 2957 1029 3003 viriles,
1046 2960 1158 2994 mimos
1173 2958 1306 2995 mulie-

306 3018 337 3036 “
353 3014 448 3051 bres.
474 3015 646 3051 Oratione
655 3012 787 3061 soluta,
799 3012 921 3059 lingua
938 3011 1115 3048 Dorica.''
1136 3011 1309 3061 Ejusdem

308 3075 571 3106 ΓΥΝΑῙΚΕΙᾼ
601 3067 686 3104 citat
717 3065 943 3109 Athenaeus3
983 3074 1022 3102 ut
1051 3064 1155 3103 facile
1189 3065 1332 3102 videas‘

306 3121 409 3159 unde
433 3119 658 3158 Theocritus
687 3120 725 3157 in
765 3131 1025 3156 syracusus
1059 3119 1172 3156 modo
1205 3119 1311 3156 dietis

306 3174 523 3212 transtulerit
543 3173 787 3221 garrulitatem
801 3172 1031 3210 muliebrem.
1062 3173 1108 3209 In
1121 3185 1196 3223 quo
1208 3172 1311 3222 Idyl·

308 3229 375 3272 lio,
403 3228 521 3279 inquit
542 3226 730 3273 Heinsius,
761 3227 918 3263 “multa
938 3237 1044 3276 poeta
1071 3225 1135 3263 fibi
1160 3226 1312 3276 permit-

309 3285 337 3304 “
354 3283 412 3327 tit,
441 3294 537 3333 quae,
566 3282 650 3332 q'uia
670 3293 690 3318 e
709 3279 816 3318 trivio
848 3279 940 3324 sunt,
969 3279 1163 3317 maximam
1185 3278 1314 3317 venus-

309 3339 338 3358 “
356 3346 469 3374 tatem
507 3335 673 3374 habent:
719 3332 1017 3385 quandoquidem
1052 3334 1089 3371 in
1122 3333 1313 3383 ejusmodi,

1377 1937 1512 1989 “saepe
1544 1951 1590 1976 ne
1618 1951 1638 1975 a
1667 1937 1873 1976 soloecismis
1902 1939 2108 1989 temperarit
2130 1937 2310 1989 Sophron,
2339 1950 2380 1979 ut

1377 1994 1405 2015 “
1422 2005 1467 2029 ex
1487 2003 1650 2030 veterum
1675 1993 1823 2042 judiciis
1845 1991 2017 2030 scimus.’'
2059 1993 2160 2030 Le&
2181 1994 2377 2034 Theocrit.

1375 2059 1410 2084 c.
1433 2045 1507 2083 xxi.
1538 2059 1621 2097 pag.
1643 2045 1734 2095 366.
1762 2046 1850 2083 edit.
1871 2046 2095 2084 Commelin.
2136 2046 2308 2084 Summus
2338 2061 2379 2085 c-

1376 2100 1464 2137 tiam
1487 2099 1687 2149 Sophronis
1706 2099 1743 2137 in
1774 2099 2050 2150 proverbiorum
2075 2099 2318 2138 concinnitate
2344 2110 2382 2139 et

1375 2153 1577 2203 frequentia
1612 2153 1728 2204 lepos.
1787 2154 1882 2204 Qae
1918 2163 2022 2191 etex
2046 2153 2175 2191 eodem
2205 2155 2381 2192 transtulit

1377 2207 1486 2245 etiam
1509 2207 1746 2245 Theocritus.
1796 2207 1963 2245 Profecto
1982 2207 2160 2245 redundat
2188 2216 2224 2245 et
2239 2209 2382 2246 eminet

1377 2260 1414 2297 in
1437 2260 1655 2306 Theocrito,
1677 2262 1786 2298 etiam
1807 2261 1844 2298 in
1867 2261 2113 2307 Pastoralibus,
2142 2261 2325 2299 familiaris
2344 2272 2383 2299 et

1377 2314 1522 2352 festivus
1551 2315 1761 2359 chara&er;
1801 2327 1909 2365 quem
1941 2315 2004 2365 qui
2034 2327 2109 2352 non
2135 2315 2287 2365 sapiunt,
2317 2329 2381 2366 pa-

1377 2381 1459 2405 rum
1487 2368 1623 2418 sapiunt
1644 2369 1902 2406 Theocritum.
1942 2368 2112 2406 Eundem
2133 2369 2246 2406 forsan
2265 2383 2286 2407 e
2306 2369 2378 2406 mi-

1377 2421 1590 2472 mographis
1610 2423 1790 2460 veteribus
1811 2422 1924 2459 hausit
1943 2433 1979 2459 et
1997 2422 2174 2474 expressit.
2205 2423 2380 2460 Praeclare

1377 2485 1479 2512 notat
1519 2476 1704 2523 Heinfius,
1751 2485 1788 2514 et
1824 2475 2000 2528 exquisito
2046 2489 2169 2514 rerum
2207 2477 2348 2526 judicio
2367 2490 2378 2513 :

1381 2531 1408 2548 “
1426 2529 1546 2567 minus
1577 2529 1696 2567 multo
1725 2530 1885 2568 interesse
1903 2529 1998 2573 inter
2026 2539 2192 2580 poemata
2210 2531 2383 2569 nonnulla

1382 2586 1411 2604 “
1431 2582 1641 2627 Theocriti,
1669 2596 1795 2620 eorum
1830 2595 1912 2633 quae
1930 2582 2102 2621 Bucolica
2128 2584 2380 2632 inscribuntur,

1382 2639 1410 2656 “
1430 2646 1466 2674 et
1502 2649 1768 2675 comesuram
1794 2636 1952 2686 aliquam
1977 2647 2038 2674 aut
2069 2650 2242 2682 ΜῐΜυΜ,
2270 2651 2382 2688 quam

1384 2690 1521 2727 “inter
1546 2690 1765 2737 Virgilianas
1794 2690 1948 2737 Eclogas
1979 2700 2014 2727 et
2042 2690 2120 2727 haec
2142 2690 2380 2728 Theocriti.”

1384 2744 1556 2781 Heinsius
1581 2744 1744 2790 Lectori,
1773 2743 1867 2794 apud
1895 2743 1971 2781 edit
1990 2743 2184 2781 Theocrit.
2204 2745 2382 2783 Comme-

1381 2797 1445 2834 lin.
1468 2797 1584 2847 1604.
1613 2811 1694 2848 pag.
1716 2810 1774 2848 ¹3·
1816 2797 1877 2835 Est
1896 2797 1974 2834 sane
2002 2810 2206 2835 CYursCAE
2241 2811 2380 2844 amon,

1381 2851 1453 2889 five
1473 2851 1648 2901 Idyllium
1669 2851 1743 2889 xiv.
1773 2851 1868 2902 quasi
1888 2864 1988 2888 mera
2006 2851 2213 2889 Comoediae
2232 2852 2385 2901 alicujus

1382 2905 1496 2942 scena.
1551 2905 1723 2956 Denique
1747 2915 1970 2942 memoratur
1998 2904 2043 2941 ab
2066 2905 2245 2942 Athenaeo
2270 2906 2386 2943 ἈΛΚ-

1381 2967 1437 2997 ΕΥ
1442 2967 1470 2996 Σ
1497 2958 1716 3008 Sophronis,
1762 2958 1820 2996 Ut
1849 2958 2027 2996 existimes
2053 2972 2074 2995 a
2100 2959 2217 2995 mimo
2246 2958 2382 3009 aliquo,

1382 3025 1538 3062 quorum
1559 3017 1634 3050 erat
1651 3011 1834 3050 universos
1860 3024 1980 3049 mores
2006 3021 2042 3049 et
2060 3011 2280 3049 chamileres
2301 3013 2384 3050 imi·-

1384 3067 1464 3110 tari,
1481 3066 1731 3103 Theocritum
1754 3077 2018 3102 r’rscA‘ronsss
2038 3065 2220 3102 effinxisse.
2262 3066 2386 3103 Tem-

1385 3116 1535 3170 poribus¹
1554 3120 1685 3157 Xerxis
1711 3128 1746 3156 et
1768 3119 1966 3169 Euripidis,
1994 3118 2018 3155 fi
2039 3118 2127 3155 fides
2149 3118 2283 3164 Suidae,
2313 3119 2386 3156 fio-

1384 3173 1455 3210 ruit
1484 3173 1544 3210 ille
1564 3173 1747 3222 Sophron,
1775 3173 1919 3210 natione
1946 3171 2210 3223 Syracusanus;
2242 3172 2388 3223 ejusque

1385 3226 1506 3272 mimi,
1527 3227 1575 3264 ob
1596 3226 1808 3272 singularem
1829 3226 2045 3263 venustatem
2064 3225 2388 3276 sententiarumque

1385 3279 1605 3330 sapientiam,
1623 3281 1714 3318 adeo
1733 3280 1770 3316 in
1788 3279 1925 3318 deliciis
1943 3278 2081 3318 Platoni
2100 3278 2212 3316 habiti
2227 3279 2386 3326 fuerunt,

1388 3345 1427 3371 ut
1448 3334 1485 3370 in
1505 3334 1580 3372 finu
1601 3334 1762 3383 gestaret.

1468 3471 1510 3533 g
2084 3466 2089 3469 ⁴
2160 3444 2393 3534 prorsus
