2852 4004
446 264 499 316 lx
793 273 1008 335 Enll‘rm
1073 272 1399 310 Tneocmn
1468 244 1821 327 AuriQnioR'
1887 270 2136 310 ALmNA.

447 358 692 412 inscripserit.
740 354 1039 402 Veruntamen,
1068 361 1116 393 ut
1140 352 1279 392 hocin
1297 350 1431 391 medio

448 419 736 470 relinquamus,
763 410 867 454 le6'ca
885 407 954 451 illa
981 417 1023 448 et
1077 407 1239 461 erpensa
1257 407 1353 451 Aldi
1374 406 1432 447 E-

448 474 601 528 pistola,
646 469 832 519 deinceps
874 463 923 504 ad
961 422 1222 506 conserendas
1260 463 1364 503 inter
1397 469 1434 503 te

447 530 655 570 Editiones
671 524 766 577 ipsas
787 520 851 561 me
866 528 978 560 verto
987 536 1001 570 3
1030 517 1059 560 si
1074 518 1340 561 forte-exinde
1359 517 1436 558 ali-

448 585 543 638 quid
583 582 728 623 certius
764 577 964 617 elicerem.
1021 574 1141 616 Tum
1174 588 1269 616 vero
1306 573 1437 614 statim

450 638 656 680 manifesta
681 648 742 678 res
760 633 840 674 visa
868 630 948 671 est:
983 645 1079 673 curn
1111 644 1201 672 mea
1229 629 1369 678 editio,
1398 629 1438 669 id

449 696 559 750 quod
594 688 814 748 praemonui
839 688 984 735 obiter,
1021 686 1248 728 octodecim
1279 695 1438 726 tantum

451 752 579 804 prima
613 747 753 802 idyllia
787 744 926 792 daret;
960 742 1111 783 Aldina
1144 753 1279 783 autem
1307 755 1369 791 ea,
1399 750 1440 781 et

452 808 632 861 quinque
652 803 805 856 insuper
821 799 914 848 alia,
942 812 1034 853 quae
1054 798 1098 839 in
1111 798 1282 853 vulgatis
1301 797 1440 837 ordine

450 864 685 916 sequuntur,
716 855 910 898 immixtis
938 865 1075 895 tamen
1094 852 1256 894 Moschi
1282 862 1323 893 et
1342 852 1440 892 Bio-

454 918 517 960 nis
549 917 701 970 aliquot
736 912 901 967 IdylliiS,
941 924 1099 950 necnon
1132 909 1360 964 Syringem,
1402 917 1442 948 et

453 971 752 1014 Anacreontica
771 969 811 1008 in
834 978 1037 1007 mortuum
1057 965 1304 1005 Adonidem.
1334 963 1440 1016 Qis

450 1029 561 1069 enim
576 1027 769 1073 crederet,
784 1023 958 1077 aliquem
976 1022 1076 1061 adeo
1092 1020 1152 1061 vel
1175 1022 1358 1060 hebetem
1380 1019 1441 1058 vel

450 1083 721 1124 inconsultum
757 1079 881 1126 fuisse,
926 1089 970 1118 ut
1005 1076 1273 1130 post-Aldum
1307 1075 1442 1115 ederet

451 1139 640 1193 exiguam
675 1137 871 1175 duntaxat
899 1132 1061 1173 Hesiodi
1100 1143 1269 1185 partem,
1313 1144 1441 1186 quum

452 1196 521 1236 ille
550 1196 751 1247 integrum
771 1189 962 1238 edidiss'et,
991 1199 1060 1228 aut
1081 1199 1125 1228 ut
1145 1198 1204 1229 tot
1224 1185 1442 1228 Theocriti

451 1251 612 1306 idyllia,
640 1248 668 1288 fi
692 1249 776 1302 jam
809 1245 858 1285 ab
893 1244 999 1284 Aldo
1032 1244 1142 1284 edita
1168 1242 1305 1290 essent,
1336 1241 1444 1282 ultro

453 1307 675 1360 nessiigeret
693 1303 706 1342 ?
753 1301 862 1353 Qae
882 1301 962 1352 spes
983 1298 1169 1339 editionis
1187 1310 1268 1338 tam
1289 1297 1443 1337 mutilae

453 1373 496 1402 et
516 1359 760 1413 imperfe&ae
780 1357 792 1397 ?
841 1355 916 1396 Sed
936 1368 1019 1398 non
1040 1354 1095 1395 est
1114 1369 1185 1396 cur
1204 1353 1444 1409 conje&uris

456 1429 525 1458 aut
562 1415 784 1456 rationibus
821 1426 989 1466 agamus
1001 1427 1014 1459 3
1060 1411 1138 1464 ipse
1177 1409 1286 1450 enim
1318 1409 1447 1449 editor

456 1473 644 1514 editionis
674 1471 790 1509 hu'us
821 1482 923 1508 meae
955 1481 1027 1507 nos
1059 1476 1192 1518 aperte
1210 1465 1344 1513 docet,
1376 1463 1446 1504 sibi

455 1528 683 1570 oetodecim
737 1524 859 1581 dyllia
886 1523 1102 1572 Theocriti
1137 1522 1216 1564 sola
1251 1530 1347 1560 nota
1368 1523 1446 1562 „fu-

456 1584 549 1626 isse:
580 1584 752 1637 ipsorum
775 1594 921 1632 nempe
953 1579 1000 1619 ad
1026 1577 1149 1619 finem
1179 1580 1266 1620 haec
1287 1576 1446 1634 adjecit,

456 1634 615 1680 ΤΕΛόΣ
633 1647 723 1678 Tor
746 1644 1029 1676 ΘΕΟΚΡιτοΥ.
1068 1634 1132 1676 Ex
1153 1649 1234 1690 quo
1254 1632 1344 1673 luce
1363 1632 1447 1673 cla-

454 1700 537 1741 rius
570 1697 641 1746 est,
671 1695 904 1737 Editionem
925 1693 1117 1734 Aldinam
1151 1691 1208 1731 illi
1239 1703 1450 1744 nunquam

457 1755 596 1802 visam,
634 1752 740 1795 unde
768 1761 809 1792 et
842 1765 888 1791 ea
922 1749 1094 1791 nostram
1129 1748 1301 1801 priorem
1339 1744 1452 1785 fuiss'e

453 1813 543 1870 jure
563 1808 777 1862 suspiceris.
827 1807 985 1847 Addam
1008 1806 1085 1845 hoc
1117 1802 1301 1856 amplius.
1351 1799 1451 1842 Mos

461 1867 518 1907 est
547 1864 782 1921 typographi
816 1862 954 1911 nostri,
993 1862 1041 1901 de
1073 1875 1156 1915 quo
1190 1857 1292 1902 infra
1320 1857 1452 1898 dicam

460 1922 598 1972 fusius,
629 1933 674 1962 ut
693 1934 846 1961 novum
866 1918 1054 1974 Idyllium
1088 1916 1220 1957 statim
1239 1914 1280 1955 in
1314 1913 1453 1955 eadem

462 1979 609 2033 pagina
637 1978 815 2025 inchoet,
854 1976 922 2016 ubi
958 1974 1186 2028 praecedens
1215 1969 1385 2018 desinit3
1425 1969 1455 2012 st

464 2035 588 2079 modo
619 2033 732 2074 locus
763 2033 805 2072 in
836 2046 882 2071 ea
909 2028 1068 2083 supersit
1102 2028 1151 2068 ad
1174 2027 1384 2075 Titulum,
1415 2035 1455 2067 et

463 2103 636 2145 quatuor
655 2090 851 2129 duntaxat
870 2087 1049 2128 carmina
1068 2084 1216 2140 Idyllii.
1248 2082 1342 2136 Jam
1363 2095 1456 2123 vero

465 2149 507 2189 in
531 2146 669 2188 ultima
699 2145 861 2198 pagina,
889 2153 1061 2198 quatuor
1087 2142 1167 2182 sola
1198 2140 1339 2180 ultima
1367 2152 1457 2178 car-

467 2203 581 2244 mina
600 2201 731 2252 ldyllii
751 2199 991 2241 oecodecimi
1020 2207 1190 2246 extant3
1221 2197 1277 2237 ita
1298 2205 1342 2235 ut
1372 2209 1456 2235 non

465 2259 594 2300 solum
613 2256 763 2298 Titulo
782 2255 980 2310 sequentis
1005 2253 1136 2309 ldyllii
1156 2253 1217 2293 sed
1239 2261 1279 2292 et
1299 2252 1458 2305 integro

466 2314 614 2370 Idyllio
633 2311 702 2369 ipsi
730 2312 843 2352 locus
871 2312 914 2351 in
946 2310 1083 2350 eadem
1113 2309 1259 2364 pagina
1282 2306 1455 2359 superfit.

468 2370 671 2422 Quinimo
703 2369 846 2424 pagina
867 2367 1073 2422 quaelibet,
1104 2376 1245 2419 praeter
1265 2362 1459 2403 'situlum

464 2426 615 2481 Idyllii,
652 2425 781 2466 versus
818 2424 976 2464 circiter
1013 2419 1286 2475 duodeviginti
1321 2433 1461 2472 capere

466 2482 620 2537 potest;
659 2491 700 2521 at
728 2479 914 2536 ldyllium
946 2492 1102 2519 nonum
1137 2477 1341 2516 decimum
1371 2475 1460 2517 solis

468 2539 561 2581 oc'to
581 2536 779 2580 versiculis
800 2534 969 2584 constat,
989 2545 1031 2574 ut
1051 2533 1216 2587 proinde
1232 2546 1316 2572 non
1337 2531 1460 2572 modo

467 2595 635 2646 spatium
657 2593 692 2631 ei
711 2591 757 2635 sit
785 2593 826 2632 in
861 2591 1001 2631 ultima
1030 2591 1192 2644 pagina,
1224 2588 1285 2629 sed
1317 2597 1356 2628 et
1376 2587 1459 2627 Ti-

469 2650 557 2691 tulo
594 2660 631 2689 et
666 2648 784 2689 lnitio
805 2647 936 2701 Idyllii
965 2645 1156 2693 vicesimi,
1185 2644 1213 2687 fi
1245 2655 1342 2685 nota
1372 2644 1460 2686 haee

469 2705 611 2763 Idysslia
631 2704 908 2760 Typographo
930 2702 1064 2744 nostro
1082 2700 1256 2743 fuiffem.

531 2761 621 2803 Hoc
641 2761 762 2814 igitur
783 2773 872 2798 meo
891 2759 980 2815 jure
1008 2758 1106 2801 mihi
1129 2757 1264 2799 sumo:
1296 2755 1462 2796 oecode-

471 2817 551 2861 cim
582 2826 738 2858 tantum
767 2814 982 2857 Theocriti
1022 2813 1163 2869 Idyllia
1200 2812 1341 2854 editori
1371 2827 1463 2855 meo

471 2885 568 2913 nota
589 2871 713 2920 misse,
744 2885 792 2912 eo
814 2870 948 2912 saltem
978 2881 1158 2923 tempore
1179 2883 1260 2923 quo
1296 2868 1374 2920 ipse
1400 2869 1464 2908 ul-

473 2929 614 2971 rimam
635 2942 800 2968 manum
833 2926 998 2968 editioni
1019 2926 1096 2969 suae
1117 2924 1310 2974 admovit,
1340 2938 1380 2967 et
1399 2925 1462 2967 id-

1504 350 1613 391 circo
1641 351 1833 393 Aldinam
1864 349 2098 392 Editionem
2133 345 2314 389 nondum
2345 343 2395 385 ab
2423 342 2500 385 illo

1504 406 1640 447 visam.
1690 408 1830 465 Atque
1862 408 1959 448 hinc
1990 404 2202 452 nonnulla,
2231 417 2323 458 quae
2351 399 2499 442 nostra-3

1506 461 1670 516 quidem
1709 463 1894 505 editionis
1927 462 2099 516 pretium
2133 460 2391 501 vehementer
2423 470 2496 496 au-

1505 527 1620 573 gent,
1649 527 1690 558 et
1708 533 1732 559 a
1750 519 1868 559 nobis
1879 519 1965 574 jam
1985 518 2179 570 disputata
2197 525 2310 559 extra
2328 512 2499 555 dubium

1510 584 1683 627 ponunt,
1712 574 1926 615 neceffario
1944 573 2188 629 sequuntur:
2220 583 2395 626 quorum
2416 568 2499 623 pri-

1510 643 1621 670 mum
1658 643 1705 670 ac
1732 631 1979 684 praecipuum
2004 629 2077 679 est,
2106 628 2215 684 quod
2249 626 2299 669 ad
2317 625 2501 681 alicujus

1511 685 1653 726 veteris
1674 686 1929 740 manuscripti
1957 685 2107 726 codicis
2129 681 2334 737 exemplar
2354 680 2504 725 excusa

1512 739 1583 791 est,
1613 750 1658 781 ut
1691 751 1809 782 antea
1841 756 1893 783 ex
1926 741 2201 783 charaaerum
2235 740 2365 783 forma
2393 736 2507 778 reete

1511 796 1868 852 conjectabamus3
1912 798 2100 847 alterum,
2129 795 2239 852 quod
2267 808 2353 837 non
2380 792 2506 835 modo

1512 852 1612 892 nihil
1643 852 1786 902 obstat,
1816 868 1899 908 quo
1929 854 2063 894 minus
2082 864 2176 894 ante
2194 851 2389 893 Aldinam
2417 849 2505 890 edi-

1512 919 1595 948 tam
1616 906 1727 948 fuisse
1754 919 1957 962 putemus,
1987 909 2048 950 sed
2070 919 2110 950 et
2129 908 2231 948 ratio
2250 907 2424 955 suadeat,
2454 904 2506 946 il-

1511 964 1592 1003 lam
1614 964 1762 1016 potius‚
1791 979 1912 1018 quam
1934 966 2065 1014 hane,
2084 977 2282 1006 PRIMAM
2304 974 2505 1012 OMNIUM

1515 1031 1781 1116 ἶκέοςκιτι
1812 1033 2091 1062 ΕυιτιοΝυΜ
2127 1021 2272 1062 merito
2305 1017 2384 1061 esse>
2408 1031 2507 1060 cen-

1531 1089 1580 1115 en
1611 1089 1688 1116 arn.
2121 1088 2126 1097 “

1577 1130 1701 1184 QOd
1718 1129 1840 1186 siquis
1856 1131 2018 1172 Aldinae
2034 1130 2233 1173 Editionis
2250 1132 2381 1171 fautor
2401 1129 2511 1171 nihi-

1516 1185 1692 1228 lominus
1712 1188 1936 1228 etiamnum
1951 1187 2204 1229 contenderit
2223 1186 2388 1241 potuiss'e
2407 1185 2510 1236 fieri,

1519 1254 1563 1282 ut
1582 1243 1687 1283 circa
1708 1242 1813 1283 idem
1833 1254 1990 1297 tempus
2022 1254 2190 1299 utraque
2217 1243 2407 1298 prodierit
2425 1242 2512 1283 edi-

1518 1299 1593 1347 tio,
1621 1297 1684 1338 vel
1705 1299 1825 1339 etiam
1843 1299 1991 1340 Aldina
2013 1300 2132 1352 paulo
2150 1312 2245 1340 ante
2266 1313 2414 1349 meam,
2434 1312 2513 1353 ego

1488 1400 1491 1411 1
1519 1364 1626 1395 certe
1657 1354 1695 1393 id
1730 1355 1888 1396 evenire
1931 1354 2114 1409 potuisse,
2153 1357 2320 1396 minime
2357 1346 2540 1396 inficias·

1519 1410 1673 1450 iverim.
1725 1409 1800 1451 Sed
1834 1411 1935 1451 nihil
1963 1412 2113 1452 interea
2142 1412 2274 1462 video,
2303 1425 2376 1452 cur
2394 1410 2514 1452 Aldi-

1519 1479 1616 1506 nam
1647 1465 1754 1518 prius
1782 1466 1929 1508 editam
1959 1466 2034 1508 effe
2060 1468 2310 1517 concedam3
2339 1481 2414 1508 cur
2440 1481 2516 1509 au-

1519 1531 1603 1562 tem
1631 1536 1763 1562 meam
1797 1523 1928 1575 potius
1963 1524 2233 1580 antiquiorem
2262 1523 2517 1574 crediderim,

1522 1578 1632 1630 supra
1654 1578 1837 1632 patefeci.
1887 1577 1962 1620 Sed
1983 1580 2032 1620 de
2053 1581 2130 1621 hoc
2149 1581 2297 1636 quivis,
2327 1591 2374 1631 ut
2392 1579 2517 1631 volet,
2535 1625 2539 1629 ,

1523 1634 1754 1675 harioletur.
1795 1633 1841 1675 Id
1863 1636 1985 1676 modo
2004 1635 2141 1677 saltem
2162 1637 2263 1679 mihi
2281 1637 2410 1688 dabis,
2433 1650 2519 1679 non
2547 1662 2549 1665 v

1525 1689 1693 1743 potuiss'e
1722 1704 1854 1731 meam
1887 1685 1960 1732 'diu
1997 1692 2083 1746 post
2115 1693 2309 1734 Aldinam
2344 1693 2519 1748 prodire,

1525 1760 1620 1786 cum
1651 1746 1718 1787 ina
1751 1747 1891 1802 ignota
1918 1748 2039 1790 fuerit
2063 1749 2206 1790 editori
2236 1750 2332 1792 huic
2365 1748 2536 1801 nostros

1525 1801 1695 1843 eandem
1725 1817 1821 1844 cum
1843 1803 1951 1846 Aldo
1978 1814 2104 1846 artem
2125 1806 2347 1856 exercenti,
2375 1815 2416 1848 et
2445 1809 2520 1849 cu-

1519 1860 1586 1915 jus
1614 1869 1822 1912 propterea
1849 1860 1948 1901 adeo
1978 1861 2168 1903 intererat
2192 1861 2317 1912 noffe,
2345 1860 2523 1918 quicunss-

1527 1929 1607 1970 que
1626 1929 1677 1957 ex
1698 1917 1781 1971 ejus
1807 1926 1890 1958 tam
1918 1916 2062 1972 insigni
2093 1919 2354 1974 typographia
2386 1920 2523 1974 prodi·-

1530 1982 1644 2012 erant
1663 1971 1769 2014 libri.
1818 1972 1961 2028 AEquo
1981 1985 2171 2026 praeterea
2196 1989 2329 2017 rerum
2349 1975 2523 2022 aestima-

1529 2028 1606 2068 tori
1633 2028 1800 2069 dubium
1828 2028 1903 2070 effe
1929 2044 2014 2071 non
2047 2030 2190 2084 potest,
2226 2032 2326 2087 quin
2354 2033 2524 2076 *eruditis

1529 2085 1717 2125 omnibus
1731 2086 1813 2126 cito
1833 2086 2085 2128 innotuerint
2103 2087 2193 2128 libri
2213 2089 2263 2129 ab
2279 2088 2390 2130 Aldo
2407 2090 2523 2141 editi,

1531 2150 1575 2180 ut
1591 2140 1658 2204 yel
1689 2155 1739 2181 ex
1769 2139 1875 2195 ipsis,
1904 2141 1933 2184 fi
1961 2157 2046 2184 non
2079 2143 2257 2194 aliunde,
2286 2146 2527 2202 typographi

1530 2211 1696 2250 quinam
1718 2207 1757 2238 et
1777 2198 1914 2251 quales
1943 2197 2067 2241 effent
2089 2199 2147 2241 illi
2166 2199 2256 2241 libri
2276 2200 2425 2243 discere
2451 2216 2526 2255 po-

1531 2253 1696 2294 tuerint.
1745 2253 1925 2296 Sciolum
1959 2255 2083 2311 igitur
2108 2265 2178 2297 aut
2203 2255 2319 2298 valde
2347 2258 2528 2312 pervica-

1531 2322 1621 2349 cem
1642 2308 1717 2350 ess'e
1744 2321 1918 2363 oportet,
1947 2312 2018 2366 qui
2037 2311 2105 2352 diu
2134 2310 2220 2366 post
2239 2312 2434 2356 Aldinam
2461 2315 2528 2358 edi

1531 2365 1636 2406 hanc
1658 2380 1788 2406 meam
1810 2366 1975 2419 potuiss'e
1994 2369 2274 2410 affirmaverit:
2306 2385 2434 2426 quum
2453 2376 2538 2413 au·'

1531 2430 1613 2485 tem
1649 2421 1909 2465 Lovanienfis
1947 2424 2071 2466 editio
2109 2424 2267 2467 nonnifi
2296 2427 2449 2483 ,viginti
2486 2438 2531 2471 et

1531 2479 1859 2542 quinque-annis
1894 2479 1981 2534 post
2008 2480 2200 2521 Aldinam
2235 2483 2428 2536 aspexerit
2460 2483 2529 2526 lu·

1532 2547 1639 2596 cem,
1668 2549 1758 2597 quis
1777 2549 1861 2576 non
1891 2537 2057 2591 miretur
2077 2537 2286 2579 hominem
2316 2534 2539 2583 inventum'

1533 2589 1608 2631 esse
1627 2604 1695 2643 qui
1716 2590 1890 2632 nostram
1905 2592 2124 2634 editionem
2141 2592 2435 2639 Lovaniensem
2453 2596 2538 2646 effe,

1534 2645 1772 2701 praepostere
1791 2647 2031 2705 judicaverit
2049 2648 2064 2688 ?

1593 2701 1717 2742 Porro
1753 2703 1796 2744 in
1831 2714 1923 2744 meo
1952 2704 2169 2758 exemplari
2204 2719 2338 2763 neque
2358 2707 2529 2754 Titulus

1537 2757 1642 2798 ullus
1671 2769 1848 2814 apparet,
1878 2774 2011 2817 neque
2039 2771 2136 2803 nota
2168 2762 2249 2804 ulla
2277 2764 2320 2805 in
2340 2764 2437 2817 fine,
2467 2766 2531 2809 vel

1536 2815 1790 2871 typographi,
1821 2815 1884 2856 vel
1914 2817 2121 2870 temporis,
2149 2818 2211 2860 vel
2246 2818 2341 2871 loci,
2378 2836 2401 2862 a
2460 2820 2530 2875 uo,

1537 2880 1607 2910 aut
1627 2870 1805 2925 quand0,
1834 2882 1904 2912 aut
1937 2873 2022 2922 ubi,
2052 2874 2350 2926 procuderetur.
2447 2891 2532 2923 ltu·

1535 2925 1622 2967 lum
1641 2926 1804 2983 quidem
1824 2927 2000 2972 avulsum
2021 2928 2112 2982 effe,
2140 2929 2169 2973 fi
2190 2930 2318 2975 ullum
2349 2948 2531 2992 unquam

473 3065 502 3082 “
522 3061 621 3100 rifiis.
669 3060 782 3111 Apud
803 3061 976 3110 jaeobum
1007 3061 1225 3107 Bogardum,
1270 3062 1384 3111 1456.
1419 3064 1574 3099 12m0.'’
1628 3062 1686 3100 Ibi
1717 3063 1864 3114 quidem
1898 3066 2054 3116 prostant
2081 3074 2398 3109 suppremam]
2429 3068 2535 3111 ante'-.

472 3115 580 3158 dieta,
602 3127 685 3151 cum
705 3115 770 3151 suis
789 3114 1068 3163 praefitiuneulis
1089 3128 1107 3150 a
1127 3128 1184 3150 me
1203 3114 1284 3150 alibi
1316 3115 1371 3164 [p.
1397 3115 1482 3163 136.
1504 3115 1612 3165 ¹37·]
1640 3117 1808 3161 recitatis,
1830 3131 1910 3167 pag.
1924 3131 1986 3168 94.
2001 3121 2065 3171 96.
2101 3121 2156 3158 Ut
2177 3131 2213 3159 et
2232 3122 2269 3159 in
2289 3123 2381 3169 aliis,
2401 3125 2513 3163 eredo

475 3168 660 3206 Vcrfionis
681 3167 774 3203 istius
796 3168 1011 3204 editionibus
1031 3180 1051 3204 a
1069 3180 1127 3205 me
1148 3167 1205 3203 vel
1221 3181 1290 3203 non
1311 3167 1388 3203 vifis
1407 3168 1463 3204 vel
1484 3181 1555 3205 non
1576 3169 1705 3209 citatis.
1744 3170 1993 3209 Veruntamen
2013 3174 2075 3224 qui
2095 3174 2140 3212 de
2159 3175 2264 3213 rebus
2282 3154 2532 3226 hujuscemodi

475 3222 649 3259 rationem
679 3219 767 3256 inire
788 3220 877 3263 vult,
906 3222 1007 3257 adeat
1033 3219 1169 3258 necess‘e
1193 3221 1240 3259 est
1266 3220 1538 3263 bibliothecam,
1566 3222 1702 3259 nemini
1722 3236 1795 3259 non
1829 3235 2024 3272 patentem,
2054 3226 2154 3264 libris
2185 3227 2328 3266 Graecis
2353 3230 2532 3269 rariffimis

473 3273 697 3323 pluribusque
724 3274 903 3323 quantivis
934 3273 1038 3322 pretii
1067 3273 1246 3311 vetustztis
1277 3273 1419 3311 Graesae
1451 3275 1695 3312 monumentis
1723 3276 1943 3322 instructam,
1984 3279 2050 3316 viri
2080 3279 2267 3319 doetiffimi
2290 3269 2395 3331 juxta
2421 3294 2531 3337 atque

474 3326 726 3372 humanissimi‚
755 3326 792 3364 in
811 3325 938 3363 harum
955 3326 1136 3364 literarum
1156 3325 1352 3364 commoda
1371 3328 1460 3371 nati,
1492 3340 1678 3367 ΑΝτοΝιι
1713 3341 1876 3376 Αειςενν,
1905 3330 2039 3370 medici
2062 3332 2312 3373 Londinenfis.
2526 3333 2532 3339 ⁸

2389 3407 2532 3451 habuit

2841 3013 2852 3037 .=⁴
2844 2979 2852 2999 wa
2824 2947 2852 2970 “’.,
2846 2930 2852 2935 ι
2837 2788 2852 2922 κρκὲᾴδζμῖ
2842 2778 2846 2779 ¹
2839 2763 2852 2770 ,¹
